% Encoding: UTF-8

% This file is part of proMusicologica.ltx
% (c) 2022 Karsten Reincke (https://github.com/kreincke/proMusicologica.ltx)
% It is distributed under the terms of the creative commons license
% CC-BY-4.0 (= https://creativecommons.org/licenses/by/4.0/)

% General:
% shorttitle;subtitle;titleaddon;translator;addendum;annotation;note;
% langid;url;urldate;owner;timestamp;file;keyword;abstract

% Incollection:
% mandatory: author;gender;title;pages;crossref
% optional:

@Incollection{ICA12020a,
  author     = {ICA1-ManName, ICA1-ManPrename},
  gender     = {sm},
  title      = {ICA1-Title: MAN},
  pages      = {1-11},
  shorttitle = {ICA1-Shorttitle},
  crossref   = {C12020a},
  subtitle   = {ICA1-Subtitle},
  titleaddon = {ICA1-Titleaddon},
  translator = {ICA1-Translator},
  addendum   = {ICA1-Addendum},
  annotation = {ICA1-Annotation},
  langid   = {ngerman},
  note       = {Print},
}

@Incollection{ICA22020a,
  author       = {ICA2-WomanName, ICA2-WomanPrename},
  gender       = {sf},
  title        = {ICA2-Title: WOMAN},
  pages        = {2-22},
  shorttitle   = {ICA2-Shorttitle},
  crossref     = {C22020a},
  subtitle   = {ICA2-Subtitle},
  titleaddon = {ICA2-Titleaddon},
  translator = {ICA2-Translator},
  addendum     = {ICA2-Addendum},
  annotation   = {ICA2-Annotation},
  langid     = {ngerman},
  note         = {Print},
}

@Incollection{ICA32020a,
  author       = {ICA3-Man1Name, ICA3-Man1Prename and ICA3-Man2Prename ICA3-Man2Name},
  gender       = {pm},
  title        = {ICA3-Title: MEN},
  pages        = {3-33},
  shorttitle   = {ICA3-Shorttitle},
  crossref     = {C32020a},
  subtitle   = {ICA3-Subtitle},
  titleaddon = {ICA3-Titleaddon},
  translator = {ICA3-Translator},
  addendum     = {ICA3-Addendum},
  annotation   = {ICA3-Annotation},
  langid     = {ngerman},
  note         = {Print},
}

@Incollection{ICA42020a,
  author       = {ICA4-Woman1Name, ICA4-Woman1Prename and ICA4-Woman2Prename ICA4-Woman2Name},
  gender       = {pf},
  title        = {ICA4-Title: WOMEN},
  pages        = {4-44},
  shorttitle   = {ICA4-Shorttitle},
  crossref     = {C42020a},
  subtitle   = {ICA4-Subtitle},
  titleaddon = {ICA4-Titleaddon},
  translator = {ICA4-Translator},
  addendum     = {ICA4-Addendum},
  annotation   = {ICA4-Annotation},
  langid     = {ngerman},
  note         = {Print},
}

@Incollection{ICA52020a,
  author       = {ICA5-Woman1Name, ICA5-Woman1Prename and ICA5-Man1Prename ICA5-Man2Name},
  gender       = {pp},
  title        = {ICA5-Title: MIXED},
  pages        = {5-55},
  shorttitle   = {ICA5-Shorttitle},
  crossref     = {C52020a},
  subtitle   = {ICA5-Subtitle},
  titleaddon = {ICA5-Titleaddon},
  translator = {ICA5-Translator},
  addendum     = {ICA5-Addendum},
  annotation   = {ICA5-Annotation},
  langid     = {ngerman},
  note         = {Print},
}

% Inproceedings:
% mandatory: author;gender;title;pages;crossref
% optional:

@Inproceedings{IPA12020a,
  author       = {IPA1-ManName, IPA1-ManPrename},
  gender       = {sm},
  title        = {IPA1-Title: MAN},
  pages        = {1-11},
  shorttitle   = {IPA1-Shorttitle},
  crossref     = {C12020a},
  subtitle   = {IPA1-Subtitle},
  titleaddon = {IPA1-Titleaddon},
  translator = {IPA1-Translator},
  addendum     = {IPA1-Addendum},
  annotation   = {IPA1-Annotation},
  langid     = {ngerman},
  note         = {Print},
}

@Inproceedings{IPA22020a,
  author       = {IPA2-WomanName, IPA2-WomanPrename},
  gender       = {sf},
  title        = {IPA2-Title: WOMAN},
  pages        = {2-22},
  shorttitle   = {IPA2-Shorttitle},
  crossref     = {C22020a},
  subtitle   = {IPA2-Subtitle},
  titleaddon = {IPA2-Titleaddon},
  translator = {IPA2-Translator},
  addendum     = {IPA2-Addendum},
  annotation   = {IPA2-Annotation},
  langid     = {ngerman},
  note         = {Print},
}

@Inproceedings{IPA32020a,
  author       = {IPA3-Man1Name, IPA3-Man1Prename and IPA3-Man2Prename IPA3-Man2Name},
  gender       = {pm},
  title        = {IPA3-Title: MEN},
  pages        = {3-33},
  shorttitle   = {IPA3-Shorttitle},
  crossref     = {C32020a},
  subtitle   = {IPA3-Subtitle},
  titleaddon = {IPA3-Titleaddon},
  translator = {IPA3-Translator},
  addendum     = {IPA3-Addendum},
  annotation   = {IPA3-Annotation},
  langid     = {ngerman},
  note         = {Print},
}

@Inproceedings{IPA42020a,
  author       = {IPA4-Woman1Name, IPA4-Woman1Prename and IPA4-Woman2Prename IPA4-Woman2Name},
  gender       = {pf},
  title        = {IPA4-Title: WOMEN},
  pages        = {4-44},
  shorttitle   = {IPA4-Shorttitle},
  crossref     = {C42020a},
  subtitle   = {IPA4-Subtitle},
  titleaddon = {IPA4-Titleaddon},
  translator = {IPA4-Translator},
  addendum     = {IPA4-Addendum},
  annotation   = {IPA4-Annotation},
  langid     = {ngerman},
  note         = {Print},
}

@Inproceedings{IPA52020a,
  author       = {IPA5-Woman1Name, IPA5-Woman1Prename and IPA5-Man1Prename IPA5-Man2Name},
  gender       = {pp},
  title        = {IPA5-Title: MIXED},
  pages        = {5-55},
  shorttitle   = {IPA5-Shorttitle},
  crossref     = {C52020a},
  subtitle   = {IPA5-Subtitle},
  titleaddon = {IPA5-Titleaddon},
  translator = {IPA5-Translator},
  addendum     = {IPA5-Addendum},
  annotation   = {IPA5-Annotation},
  langid     = {ngerman},
  note         = {Print},
}

% Article:
% mandatory: author;gender;title;journaltitle;date;pages;
% optional: journalsubtitle;number;series;volume;issn; issue;

@Article{ZA12020a,
  author          = {ZA1-ManName, ZA1-ManPrename},
  gender          = {sm},
  title           = {ZA1-Title: MAN},
  journaltitle    = {Z1},
  date            = {2020},
  pages           = {55 - 66},
  shorttitle      = {ZA1-Shorttitle},
  subtitle        = {ZA1-Subtitle},
  translator      = {ZA1-Translator},
  titleaddon      = {ZA1-Titleaddon},
  journalsubtitle = {ZA1-JournalSubtitle},
  number          = {ZA1-Number},
  series          = {Z1-Series},
  volume          = {ZA1-Volume},
  issn            = {ZA1-ISSN},
  issue           = {ZA1-Issue},
  addendum        = {ZA1-Addendum},
  annotation      = {ZA1-Annotation},
  language        = {german},
  note            = {Print},
}

@Article{ZA22020a,
  author          = {ZA2-WomanName, ZA2-WomanPrename},
  gender          = {sf},
  title           = {ZA2-Title: WOMAN},
  journaltitle    = {Z1},
  date            = {2020},
  pages           = {55 - 66},
  shorttitle      = {ZA2-Shorttitle},
  subtitle        = {ZA2-Subtitle},
  translator      = {ZA2-Translator},
  titleaddon      = {ZA2-Titleaddon},
  journalsubtitle = {ZA2-JournalSubtitle},
  number          = {ZA2-Number},
  series          = {ZA2-Series},
  volume          = {ZA2-Volume},
  issn            = {ZA2-ISSN},
  issue           = {ZA2-Issue},
  annotation      = {ZA2-Annotation},
  language        = {german},
  note            = {Print},
}

@Article{ZA32020a,
  author          = {ZA3-Man1Name, ZA3-Man1Prename and ZA3-Man2Prename ZA3-Man2Name},
  gender          = {pm},
  title           = {ZA3-Title: MEN},
  journaltitle    = {Z1},
  date            = {2020},
  pages           = {55 - 66},
  shorttitle      = {ZA3-Shorttitle},
  subtitle        = {ZA3-Subtitle},
  translator      = {ZA3-Translator},
  titleaddon      = {ZA3-Titleaddon},
  journalsubtitle = {ZA3-JournalSubtitle},
  number          = {ZA3-Number},
  series          = {ZA3-Series},
  volume          = {ZA3-Volume},
  issn            = {ZA3-ISSN},
  issue           = {ZA3-Issue},
  annotation      = {ZA3-Annotation},
  language        = {german},
  note            = {Print},
}

@Article{ZA42020a,
  author          = {ZA4-Woman1Name, ZA4-Woman1Prename and ZA4-Woman2Prename ZA4-Woman2Name},
  gender          = {pf},
  title           = {ZA4-Title: WOMEN},
  journaltitle    = {Z1},
  date            = {2020},
  pages           = {55 - 66},
  shorttitle      = {ZA4-Shorttitle},
  subtitle        = {ZA4-Subtitle},
  translator      = {ZA4-Translator},
  titleaddon      = {ZA4-Titleaddon},
  journalsubtitle = {ZA4-JournalSubtitle},
  number          = {ZA4-Number},
  series          = {ZA4-Series},
  volume          = {ZA4-Volume},
  issn            = {ZA4-ISSN},
  issue           = {ZA4-Issue},
  annotation      = {ZA4-Annotation},
  language        = {german},
  note            = {Print},
}

@Article{ZA52020a,
  author          = {ZA5-Woman1Name, ZA5-Woman1Prename and ZA5-Man1Prename ZA5-Man2Name},
  gender          = {pp},
  title           = {ZA5-Title: MIXED},
  journaltitle    = {Z1},
  date            = {2020},
  pages           = {55 - 66},
  shorttitle      = {ZA5-Shorttitle},
  subtitle        = {ZA5-Subtitle},
  translator      = {ZA5-Translator},
  titleaddon      = {ZA5-Titleaddon},
  journalsubtitle = {ZA5-JournalSubtitle},
  number          = {ZA5-Number},
  series          = {ZA5-Series},
  volume          = {ZA5-Volume},
  issn            = {ZA5-ISSN},
  issue           = {ZA5-Issue},
  annotation      = {ZA5-Annotation},
  language        = {german},
  note            = {Print},
}

% book:
% mandatory: author;gender;title;location;date;
% optional: edition;editor;isbn;publisher;volumes;volume;series;number;
@Book{B12020a,
  author       = {BOOK1-ManName, BOOK1-ManPrename},
  gender       = {sm},
  title        = {BOOK1-Title: MAN},
  location     = {BOOK1-location},
  date         = {2020},
  shorttitle   = {BOOK1-Shorttitle},
  subtitle     = {BOOK1-Subtitle},
  titleaddon   = {BOOK1-Titleaddon},
  translator   = {BOOK1-Translator},
  edition      = {1.},
  editor       = {BOOK1-Editor},
  isbn         = {1-2345-678},
  publisher    = {BOOK1-Publisher},
  series       = {BOOK1-Series},
  volume       = {BOOK1-Volume},
  addendum     = {BOOK1-Addendum},
  annotation   = {BOOK1-Annotation},
  langid     = {ngerman},
  note         = {Print},
}

@Book{B22020a,
  author       = {BOOK2-WomanName, BOOK2-WomanPrename},
  gender       = {sf},
  title        = {BOOK2-Title: WOMAN},
  location     = {BOOK2-location},
  date         = {2020},
  shorttitle   = {BOOK2-Shorttitle},
  subtitle     = {BOOK2-Subtitle},
  titleaddon   = {BOOK2-Titleaddon},
  translator   = {BOOK2-Translator},
  edition      = {2. überarbeitete u. um einen Nachtrag ergänzte},
  editor       = {BOOK2-Editor},
  isbn         = {1-2345-678},
  publisher    = {BOOK2-Publisher},
  series       = {BOOK2-Series},
  volume       = {BOOK2-Volume},
  addendum     = {BOOK2-Addendum},
  annotation   = {BOOK2-Annotation},
  langid     = {ngerman},
  note         = {Print},
}

@Book{B32020a,
  author       = {BOOK3-Man1Name, BOOK3-Man1Prename and BOOK3-Man2Prename BOOK3-Man2Name},
  gender       = {pm},
  title        = {BOOK3-Title: MEN},
  location     = {BOOK3-location},
  date         = {2020},
  shorttitle   = {BOOK3-Shorttitle},
  subtitle     = {BOOK3-Subtitle},
  titleaddon   = {BOOK3-Titleaddon},
  translator   = {BOOK3-Translator},
  edition      = {1.},
  editor       = {BOOK3-Editor},
  isbn         = {1-2345-678},
  publisher    = {BOOK3-Publisher},
  series       = {BOOK3-Series},
  volume       = {BOOK3-Volume},
  addendum     = {BOOK3-Addendum},
  annotation   = {BOOK3-Annotation},
  langid     = {ngerman},
  note         = {Print},
}

@Book{B42020a,
  author       = {BOOK4-Woman1Name, BOOK4-Woman1Prename and BOOK4-Woman2Prename BOOK4-Woman2Name},
  gender       = {pf},
  title        = {BOOK4-Title: WOMEN},
  location     = {BOOK4-location},
  date         = {2020},
  shorttitle   = {BOOK4-Shorttitle},
  subtitle     = {BOOK4-Subtitle},
  titleaddon   = {BOOK4-Titleaddon},
  translator   = {BOOK4-Translator},
  edition      = {1.},
  editor       = {BOOK4-Editor},
  isbn         = {1-2345-678},
  publisher    = {BOOK4-Publisher},
  series       = {BOOK4-Series},
  volume       = {BOOK4-Volume},
  addendum     = {BOOK4-Addendum},
  annotation   = {BOOK4-Annotation},
  langid     = {ngerman},
  note         = {Print},
}

@Book{B52020a,
  author       = {BOOK5-Woman1Name, BOOK5-Woman1Prename and BOOK5-Man1Prename BOOK5-Man2Name},
  gender       = {pp},
  title        = {BOOK5-Title: MIXED},
  location     = {BOOK5-location},
  date         = {2020},
  shorttitle   = {BOOK5-Shorttitle},
  subtitle     = {BOOK5-Subtitle},
  titleaddon   = {BOOK5-Titleaddon},
  translator   = {BOOK5-Translator},
  edition      = {1.},
  editor       = {BOOK5-Editor},
  isbn         = {1-2345-678},
  publisher    = {BOOK5-Publisher},
  series       = {BOOK5-Series},
  volume       = {BOOK5-Volume},
  addendum     = {BOOK5-Addendum},
  annotation   = {BOOK5-Annotation},
  langid     = {ngerman},
  note         = {Print},
}

@Book{S12020a,
  author     = {SAME-ManName, SAME-ManPrename},
  gender     = {sm},
  title      = {SAME1-Title: MAN},
  location   = {SAME1-location},
  date       = {2020},
  shorttitle = {SAME1-Shorttitle},
  subtitle   = {SAME1-Subtitle},
  titleaddon = {SAME1-Titleaddon},
  translator = {SAME1-Translator},
  edition    = {1.},
  editor     = {SAME1-Editor},
  isbn       = {1-2345-678},
  publisher  = {SAME1-Publisher},
  series     = {SAME1-Series},
  volume     = {SAME1-Volume},
  addendum   = {WEB/PDF},
  annotation = {SAME1-Annotation},
  langid   = {ngerman},
  note       = {SAME1-NOTE},
  timestamp  = {2020-10-30},
  url        = {https://www.fodina.de/},
  urldate    = {2020-10-30},
}

@Book{S22020a,
  author     = {SAME-ManName, SAME-ManPrename},
  gender     = {sm},
  title      = {SAME2-Title: MAN},
  location   = {SAME2-location},
  date       = {2020},
  shorttitle = {SAME2-Shorttitle},
  subtitle   = {SAME2-Subtitle},
  titleaddon = {SAME2-Titleaddon},
  translator = {SAME2-Translator},
  edition    = {2.},
  editor     = {SAME2-Editor},
  isbn       = {1-2345-678},
  publisher  = {SAME2-Publisher},
  series     = {SAME2-Series},
  volume     = {SAME2-Volume},
  addendum   = {[ WEB/HTML ]},
  annotation = {SAME2-Annotation},
  langid   = {ngerman},
  note       = {SAME2-Note},
  url        = {https://www.fodina.de/},
  urldate    = {2020-10-30},
}


@Book{S32020a,
  author       = {SAME-W1Name, SAME-W1Prename and SAME-W2Prename SAME-W2Name},
  gender       = {pf},
  title        = {SAME3-Title: WOMEN},
  location     = {SAME3-location},
  date         = {2020},
  shorttitle   = {SAME3-Shorttitle},
  subtitle     = {SAME3-Subtitle},
  titleaddon   = {SAME3-Titleaddon},
  translator   = {SAME3-Translator},
  edition      = {1.},
  editor       = {SAME3-Editor},
  isbn         = {1-2345-678},
  publisher    = {SAME3-Publisher},
  series       = {SAME3-Series},
  volume       = {SAME3-Volume},
  addendum     = {SAME3-Addendum},
  annotation   = {SAME3-Annotation},
  langid     = {ngerman},
  note         = {Print},
}

@Book{S42020a,
  author       = {SAME-W1Name, SAME-W1Prename and SAME-W2Prename SAME-W2Name},
  gender       = {pf},
  title        = {SAME4-Title: WOMEN},
  location     = {SAME4-location},
  date         = {2020},
  shorttitle   = {SAME4-Shorttitle},
  subtitle     = {SAME4-Subtitle},
  titleaddon   = {SAME4-Titleaddon},
  translator   = {SAME4-Translator},
  edition      = {1.},
  editor       = {SAME4-Editor},
  isbn         = {1-2345-678},
  publisher    = {SAME4-Publisher},
  series       = {SAME4-Series},
  volume       = {SAME4-Volume},
  addendum     = {SAME4-Addendum},
  annotation   = {SAME4-Annotation},
  langid     = {ngerman},
  note         = {Print},
}

@Book{L12020a,
  author       = {EB-W1Name, EB-W1Prename and EB-W2Prename EB-W2Name},
  gender       = {pf},
  title        = {EnglBook-Title: WOMEN},
  location     = {EnglBook-location},
  date         = {2020},
  shorttitle   = {EnglBook-Shorttitle},
  subtitle     = {EnglBook-Subtitle},
  titleaddon   = {EnglBook-Titleaddon},
  translator   = {EnglBook-Translator},
  edition      = {1.},
  editor       = {EnglBook-Editor},
  isbn         = {1-2345-678},
  publisher    = {EnglBook-Publisher},
  series       = {EnglBook-Series},
  volume       = {EnglBook-Volume},
  addendum     = {EnglBook-Addendum},
  annotation   = {EnglBook-Annotation},
  langid     = {english},
  note         = {Print},
}

% **Collection**:
%  - *mandatory*: title;editor;gender;location;date;
%  - *optional*: edition;isbn;publisher;volumes;volume;series;number;

@Collection{C12020a,
  editor       = {COLL1-ManName, COLL1-ManPrename},
  gender       = {sm},
  title        = {COLL1-Title: MAN},
  location     = {COLL1-location},
  date         = {2020},
  shorttitle   = {COLL1-Shorttitle},
  subtitle     = {COLL1-Subtitle},
  titleaddon   = {COLL1-Titleaddon},
  translator   = {COLL1-Translator},
  edition      = {1.},
  isbn         = {1-2345-678},
  publisher    = {COLL1-Publisher},
  series       = {COLL1-Series},
  volume       = {COLL1-Volume},
  addendum     = {COLL1-Addendum},
  annotation   = {COLL1-Annotation},
  langid     = {ngerman},
  note         = {Print},
}

@Collection{C22020a,
  editor       = {COLL2-WomanName, COLL2-WomanPrename},
  gender       = {sf},
  title        = {COLL2-Title: WOMAN},
  location     = {COLL2-location},
  date         = {2020},
  shorttitle   = {COLL2-Shorttitle},
  subtitle     = {COLL2-Subtitle},
  titleaddon   = {COLL2-Titleaddon},
  translator   = {COLL2-Translator},
  edition      = {2.},
  isbn         = {1-2345-678},
  publisher    = {COLL2-Publisher},
  series       = {COLL2-Series},
  volume       = {COLL2-Volume},
  addendum     = {COLL2-Addendum},
  annotation   = {COLL2-Annotation},
  langid     = {ngerman},
  note         = {Print},
}

@Collection{C32020a,
  editor       = {COLL3-Man1Name, COLL3-Man1Prename and COLL3-Man2Prename COLL3-Man2Name},
  gender       = {pm},
  title        = {COLL3-Title: MEN},
  location     = {COLL3-location},
  date         = {2020},
  shorttitle   = {COLL3-Shorttitle},
  subtitle     = {COLL3-Subtitle},
  titleaddon   = {COLL3-Titleaddon},
  translator   = {COLL3-Translator},
  edition      = {1.},
  isbn         = {1-2345-678},
  publisher    = {COLL3-Publisher},
  series       = {COLL3-Series},
  volume       = {COLL3-Volume},
  addendum     = {COLL3-Addendum},
  annotation   = {COLL3-Annotation},
  langid     = {ngerman},
  note         = {Print},
}

@Collection{C42020a,
  editor       = {COLL4-Woman1Name, COLL4-Woman1Prename and COLL4-Woman2Prename COLL4-Woman2Name},
  gender       = {pf},
  title        = {COLL4-Title: WOMEN},
  location     = {COLL4-location},
  date         = {2020},
  shorttitle   = {COLL4-Shorttitle},
  subtitle     = {COLL4-Subtitle},
  titleaddon   = {COLL4-Titleaddon},
  translator   = {COLL4-Translator},
  edition      = {1.},
  isbn         = {1-2345-678},
  publisher    = {COLL4-Publisher},
  series       = {COLL4-Series},
  volume       = {COLL4-Volume},
  addendum     = {COLL4-Addendum},
  annotation   = {COLL4-Annotation},
  langid     = {ngerman},
  note         = {Print},
}

@Collection{C52020a,
  editor       = {COLL5-Woman1Name, COLL5-Woman1Prename and COLL5-Man1Prename COLL5-Man2Name},
  gender       = {pp},
  title        = {COLL5-Title: MIXED},
  location     = {COLL5-location},
  date         = {2020},
  shorttitle   = {COLL5-Shorttitle},
  subtitle     = {COLL5-Subtitle},
  titleaddon   = {COLL5-Titleaddon},
  translator   = {COLL5-Translator},
  edition      = {1.},
  isbn         = {1-2345-678},
  publisher    = {COLL5-Publisher},
  series       = {COLL5-Series},
  volume       = {COLL5-Volume},
  addendum     = {COLL5-Addendum},
  annotation   = {COLL5-Annotation},
  langid     = {ngerman},
  note         = {Print},
}

% **Proceedings**:
% mandatory: title;editor;gender;location;date;
% optional: edition;isbn;organization;publisher;volumes;volume;series;number;
@Proceedings{P12020a,
  editor       = {PROC1-ManName, PROC1-ManPrename},
  gender       = {sm},
  title        = {PROC1-Title: MAN},
  location     = {PROC1-location},
  date         = {2020},
  shorttitle   = {PROC1-Shorttitle},
  subtitle     = {PROC1-Subtitle},
  titleaddon   = {PROC1-Titleaddon},
  translator   = {PROC1-Translator},
  edition      = {1.},
  isbn         = {1-2345-678},
  publisher    = {PROC1-Publisher},
  organization = {PROC1-Organization},
  series       = {PROC1-Series},
  volume       = {PROC1-Volume},
  addendum     = {PROC1-Addendum},
  annotation   = {PROC1-Annotation},
  langid     = {ngerman},
  note         = {Print},
}

@Proceedings{P22020a,
  editor       = {PROC2-WomanName, PROC2-WomanPrename},
  gender       = {sf},
  title        = {PROC2-Title: WOMAN},
  location     = {PROC2-location},
  date         = {2020},
  shorttitle   = {PROC2-Shorttitle},
  subtitle     = {PROC2-Subtitle},
  titleaddon   = {PROC2-Titleaddon},
  translator   = {PROC2-Translator},
  edition      = {2.},
  isbn         = {1-2345-678},
  publisher    = {PROC2-Publisher},
  organization = {PROC2-Organization},
  series       = {PROC2-Series},
  volume       = {PROC2-Volume},
  addendum     = {PROC2-Addendum},
  annotation   = {PROC2-Annotation},
  langid     = {ngerman},
  note         = {Print},
}

@Proceedings{P32020a,
  editor       = {PROC3-Man1Name, PROC3-Man1Prename and PROC3-Man2Prename PROC3-Man2Name},
  gender       = {pm},
  title        = {PROC3-Title: MEN},
  location     = {PROC3-location},
  date         = {2020},
  shorttitle   = {PROC3-Shorttitle},
  subtitle     = {PROC3-Subtitle},
  titleaddon   = {PROC3-Titleaddon},
  translator   = {PROC3-Translator},
  edition      = {1.},
  isbn         = {1-2345-678},
  publisher    = {PROC3-Publisher},
  organization = {PROC3-Organization},
  series       = {PROC3-Series},
  volume       = {PROC3-Volume},
  addendum     = {PROC3-Addendum},
  annotation   = {PROC3-Annotation},
  langid     = {ngerman},
  note         = {Print},
}

@Proceedings{P42020a,
  editor       = {PROC4-Woman1Name, PROC4-Woman1Prename and PROC4-Woman2Prename PROC4-Woman2Name},
  gender       = {pf},
  title        = {PROC4-Title: WOMEN},
  location     = {PROC4-location},
  date         = {2020},
  shorttitle   = {PROC4-Shorttitle},
  subtitle     = {PROC4-Subtitle},
  titleaddon   = {PROC4-Titleaddon},
  translator   = {PROC4-Translator},
  edition      = {1.},
  isbn         = {1-2345-678},
  publisher    = {PROC4-Publisher},
  organization = {PROC4-Organization},
  series       = {PROC4-Series},
  volume       = {PROC4-Volume},
  addendum     = {PROC4-Addendum},
  annotation   = {PROC4-Annotation},
  langid     = {ngerman},
  note         = {Print},
}

@Proceedings{P52020a,
  editor       = {PROC5-Woman1Name, PROC5-Woman1Prename and PROC5-Man1Prename PROC5-Man2Name},
  gender       = {pp},
  title        = {PROC5-Title: MIXED},
  location     = {PROC5-location},
  date         = {2020},
  shorttitle   = {PROC5-Shorttitle},
  subtitle     = {PROC5-Subtitle},
  titleaddon   = {PROC5-Titleaddon},
  translator   = {PROC5-Translator},
  edition      = {1.},
  isbn         = {1-2345-678},
  publisher    = {PROC5-Publisher},
  organization = {PROC5-Organization},
  series       = {PROC5-Series},
  volume       = {PROC5-Volume},
  addendum     = {PROC5-Addendum},
  annotation   = {PROC5-Annotation},
  langid     = {ngerman},
  note         = {Print},
}

@Book{BR2020a,
  author     = {Break-ManName, Break-ManPrename},
  gender     = {sm},
  title      = {Break-Title},
  location   = {Break-location},
  date       = {2020},
  shorttitle = {Break-Shorttitle},
  subtitle   = {Break-Subtitle},
  titleaddon = {Break-Titleaddon},
  translator = {Break-Translator},
  edition    = {1.},
  editor     = {Break-Editor},
  isbn       = {1-2345-678},
  publisher  = {Break-Publisher},
  series     = {Break-Series},
  volume     = {Break-Volume},
  addendum   = {Break-Addendum},
  annotation = {Break-Annotation},
  langid   = {ngerman},
  note       = {Print},
}

% Misc*:
% mandatory*:
% optional*: author;gender;title;location;date;
% editor;howpublished;pub-state;version;

@Misc{M12020a,
  author       = {M1-Name, M1-Prename},
  gender       = {sm},
  title        = {Misc-Title},
  date         = {2020},
  subtitle     = {M1-Subtitle},
  titleaddon   = {M1-Title-Addon},
  editor       = {M1-Editor},
  howpublished = {M1-Howpublished},
  location     = {M1-Location},
  version      = {M1-Version},
  organization = {M1-Organisation},
  addendum     = {WEB/Html},
  pubstate     = {M1-pubstate},
  annotation   = {MISC-Annotion},
  langid       = {english},
  note         = {M1-Note},
  url          = {http://www.google.de/},
  urldate      = {2020-10-30},
}

% **Online**:
%  - *mandatory*: url;urldate
%  - *optional*: author;gender;title;organization;location;date;pubstate
@Online{O12020a,
  author       = {O1-Name, O1-Vorname},
  gender       = {sf},
  title        = {Online-Title},
  date         = {2020},
  url          = {https://www.fodina.de/},
  subtitle     = {O1-Subtitle},
  titleaddon   = {O1-Titleaddon},
  organization = {O1-Organization},
  urldate      = {2020-10-30},
  version      = {O1-V ersion},
  addendum     = {WEB/HTML},
  pubstate     = {O1-Pubstate},
  annotation   = {O1-Annotate},
  langid       = {german},
  note         = {O1-Note},
}

@Unpublished{UP12020a,
  author       = {UP1-Name, UP1-Vorname},
  gender       = {pn},
  title        = {UP1-Title mit gender=neutrum},
  date         = {2020},
  subtitle     = {UP1-Subtitle},
  titleaddon   = {UP1-Title-Addon},
  howpublished = {UP1-Howpublished},
  pubstate     = {UP1-Pubstate},
  url          = {https://www.fodina.de/},
  location     = {UP1-Location},
  addendum     = {UP1-Addendum},
  eventtitle   = {UP1-Eventtitle},
  eventdate    = {UP1-Eventdate},
  venue        = {UP1-Venue},
  annotation   = {UP1-Annotation},
  langid       = {german},
  note         = {UP1-Note},
  urldate      = {2020-10-30},
}

@Online{W12020a,
  author       = {W1-Name, W1.Vorname},
  gender       = {sm},
  title        = {WWW-Title 1},
  date         = {2020},
  url          = {https://www.fodina.de/},
  subtitle     = {W1-Subtitle},
  titleaddon   = {W1-Titleaddon},
  editor       = {W1-Editor},
  organization = {W1-Organization},
  urldate      = {2020-10-30},
  version      = {W1-Version},
  pubstate     = {W1-Pubstate},
  addendum     = {W1-Addendum},
  annotation   = {W1-Annotation},
  langid       = {german},
  note         = {W1-Note},
}

@Comment{jabref-meta: databaseType:biblatex;}
