% Encoding: UTF-8

@Book{GarSpr2018a,
  author     = {Matthew Gardner and Sara Springfeld},
  gender     = {pp},
  title      = {Musikwissenschaftliches Arbeiten. Eine Ein\-füh\-rung},
  location    = {Kassel},
  year       = {2018},
  edition    = {2.},
  publisher  = {Bärenreiter-Verlag},
  isbn       = {978-3-7618-2249-4},
  series     = {Bärenreiter Studien\-bücher Musik},
  annote     = {Die aktuellste Einführung in die Musikwissenschaft},
  langid   = {german},
  note       = {Print},
}

@Book{Kraemer2009a,
  author     = {Thomas Krämer},
  gender     = {sm},
  title      = {Harmonielehre im Selbststudium},
  year       = {2009},
  edition    = {5},
  publisher  = {Breitkopf \& Härtel},
  isbn       = {978-3-7651-0261-5},
  langid   = {german},
  note       = {Print},
  location    = {Wiesbaden, Leipzip u. Paris},
  annote     = {Das 'Übungsbuch' zum neueren 'Lehrbuch der harmonischen Analyse' - sozusagen.},
  owner      = {reincke},
  timestamp  = {2018.12.07},
}

@Book{Mantel2005a,
  author     = {Gerhard Mantel},
  gender     = {sm},
  title      = {Intonation},
  year       = {2005},
  subtitle = {Spielräume für Streicher},
  publisher  = {Schott},
  isbn       = {3-7957-8729-7},
  langid   = {german},
  series     = {Studienbuch Musik},
  note       = {Print},
  location    = {Mainz, London, [... u.a.O]},
  annote     = {Ein Buch, das die Grenzen der systematischen Tonalität anhand der Intonation bei Streichinstrumenten verdeutlicht: um sauber zu spielen, muss man an der richtigen Stellen auf die richtige Weise falsch spielen.},
  owner      = {reincke},
  timestamp  = {2018.12.07},
}

@Book{Michels1980,
  author     = {Ulrich Michels},
  gender     = {sm},
  title      = {dtv-Atlas zur Musik. Tafeln und Texte},
  year       = {1980},
  subtitle = {Systematischer Teil [u.] Historischer Teil: Von den Anfängen bis zur Renaissance},
  edition    = {5},
  publisher  = {DTV \& Bärenreiter Verlag},
  isbn       = {3-423-03022-4},
  langid   = {german},
  note       = {Print},
  location    = {München, Kassel [... u.a.O.]},
  annote     = {Auch ein Standardwerk für alles, was zur systematischen Musiktheorie gehört.},
  owner      = {reincke},
  timestamp  = {2018.12.07},
}

@Book{Kraemer2012a,
  author     = {Thomas Krämer},
  gender     = {sm},
  title      = {Lehrbuch der harmonischen Analyse.},
  year       = {2012},
  edition = {2., verbesserte},
  publisher  = {Breitkopf \& Härtel},
  isbn       = {978-3-7651-0305-6},
  langid   = {german},
  note       = {Print},
  location    = {Wiesbaden, Leipzip u. Paris},
  annote     = {Ein neueres Lehrbuch, das die Zusammenhänge der Tonalität zugänglich macht.},
  owner      = {reincke},
  timestamp  = {2018.12.07},
}

@Book{Grabner1974a,
  author     = {Hermann Grabner},
  gender     = {sm},
  title      = {Allgemeine Musiklehre},
  year       = {1974},
  titleaddon = {mit einem Nachtrag v. Diether de la Motte},
  edition    = {11},
  publisher  = {Bärenreiter Verlag},
  isbn       = {3-7618-0061-4},
  langid   = {german},
  note       = {Print},
  location    = {Kassel, Basel [... u.a.O.]},
  annote     = {Das Standardwerk der Musikanalyse, das nicht erst heute mit hoher Auflagennummer erscheint, sondern auch schon vor 50 Jahren so erschienen ist - also im wahrsten Sinne des Wortes: ein Jahrhundertwerk.},
  owner      = {reincke},
  timestamp  = {2018.12.07},
}

@Book{Delamotte2011a,
  author     = {Diether de la Motte},
  gender     = {sm},
  title      = {Harmonielehre},
  year       = {2011},
  edition    = {16},
  publisher  = {Bärenreiter Verlag \& DTV},
  isbn       = {978-3-7618-2115-2},
  langid   = {german},
  note       = {Print},
  location    = {München, Kassel [... u.a.O.]},
  annote     = {Nach Grabner das nächste, kommende Jahrhundertwerk zur Harmonieanalyse, das mit seiner Verlagerung des Schwerpunktes in die Funktionstheorie einen wesentlichen Fortschritt gegenüber älteren Lehrwerken bedeutete.},
  owner      = {reincke},
  timestamp  = {2018.12.07},
}

@Online{VogSimRyc2018a,
  author     = {Oliver Vogel and Don Simmons and Andre van Ryckeghem and Cornelius Noack},
  gender     = {mm},
  title      = {MusiX\TeX. Using \TeX\ to write polyphonic or instrumental music},
  year       = {2018},
  annote     = {Das Standardhandbuch zum Erlernen von MusiX{\TeX}: Es zeigt, wie man MusiX{\TeX}-Dokumenten mit Texteditoren erstellt. Dem Kenner macht es auch klar, wie man Ergebnisse in die \LaTeX-Welt überträgt. Dem Musiker, der kein Computerexperte ist, verlangt es aber einiges ab.},
  langid   = {english},
  note       = {FreeWeb / PDF},
  owner      = {reincke},
  timestamp  = {2018.12.08},
  titleaddon = {Version 1.28. [Revised File]},
  url        = {http://texdoc.net/texmf-dist/doc/generic/musixtex/musixdoc.pdf},
  urldate    = {2018-12-08},
}

@Online{WegWeg2007a,
  author     = {Dagny Wegner and Arnim Wegner},
  gender     = {mm},
  title      = {harmony.sty},
  url        = {ftp://ftp.dante.de/pub/tex/macros/latex/contrib/harmony/harmony.pdf},
  urldate    = {2018-12-21},
  year       = {2007},
  annote     = {Das Handbuch nur Nutzung des freien Paketes 'harmony', mit dem dem \LaTeX-Autoren die Zeichen für eine adäquaten Harmonieanalyse bereitgestellt werden.},
  langid   = {english},
  note       = {FreeWeb / PDF},
  owner      = {reincke},
}

@Online{Thoma2018a,
  author     = {Martin Thoma},
  gender     = {sm},
  title      = {How to write music with LaTeX},
  year       = {2012},
  url        = {https://martin-thoma.com/how-to-write-music-with-latex/},
  urldate    = {2018-12-19},
  langid   = {english},
  note       = {FreeWeb / PDF},
  annote     = {Ein kleiner Artikel, der verschiedene Möglichkeiten erläutert, Noten in \LaTeX-Dokumente zu integrieren.},
}

@Online{Reincke2018a,
  author     = {Karsten Reincke},
  gender     = {sm},
  title      = {mycsrf},
  year       = {2018},
  subtitle = {mind your Classical Scholar Research Framework},
  url        = {https://fodina.de/mycsrf/},
  urldate    = {2018-12-21},
  langid   = {english},
  version    = {2.0},
  note       = {FreeWeb / HTML},
  annote     = {Ein freies Framework zur Erstellung \LaTeX\ basierter geisteswissenschaftlicher Texte, das den altphilologischen Arbeitsstil möglichst kompromisslos in die Computerwelt überträgt.},
}

@Online{Reincke2018b,
  author     = {Karsten Reincke},
  gender     = {sm},
  title      = {Dienst am Leser, Dienst am Scholaren. Über Anmerkungsapparate in Fußnoten - aber richtig: Release 2.0},
  year       = {2018},
  annote     = {Eine selbstreferentielles Dokument, das erläutert, warum und wie man gute geisteswissenschaftliche Arbeiten mit \LaTeX\ und mycsrf erzeugt.},
  langid   = {german},
  note       = {FreeWeb / PDF},
  subtitle = {(Geistes-) Wissenschaftliche Texte mit jurabib},
  url        = {http://kreincke.github.io/mycsrf/examples/scholar-fono-de.pdf},
  urldate    = {2018-12-21},
  version    = {2.0},
}

@Online{MusicXML2018b,
  author     = {{anon. [MakeMusic]}},
  gender     = {sn},
  sortname   = {MakeMusic},
  title      = {MusicXML Software},
  year       = {o.J. [2018]},
  url        = {https://www.musicxml.com/software/},
  urldate    = {2019-01-17},
  langid   = {english},
  note       = {FreeWeb / HTML},
  annote     = {Die Homepage von MusicXML, dem per DTD und Xml-Schema über das W3C offiziell standardisierten freien Dateiformat, das die Notendatei wenigstens grundsätzlich vom verarbeitenden Programm entkoppelt und so den Datenaustausch zwischen Musikprogrammen 'gewährleistet'. Insofern ist es geschickt, seine Noten direkt in diesem Format zu speichern.},
}

@Online{WpedMusicXML2018a,
  author     = {{anon. [Wikipedia]}},
  gender     = {pp},
  sortname   = {Wikipedia},
  title      = {MusicXML},
  year       = {o.J. [2018]},
  url        = {https://de.wikipedia.org/wiki/MusicXML},
  urldate    = {2018-12-21},
  langid   = {german},
  note       = {FreeWeb / HTML},
  annote     = {Einige ergänzende Informationen zur Entstehung des Formates und zur Lizensierung als freier Standard: die Freigabe zur Nutzung macht das Format erst wirklich praktikabel.},
}

@Online{CtanPmx2018a,
  author     = {{anon. [CTAN]}},
  gender     = {sf},
  sortname   = {CTAN},
  title      = {pmx – Preprocessor for MusiXTeX},
  year       = {o.J. [2018]},
  annote     = {Die Homepage des PMX-Paketes, das einen freien Präprozessor für MusiX{\TeX}\ an\-bie\-tet, der die Eingabe von Noten in Form von Text -- verglichen mit der von Musix{\TeX}\ -- signifikant vereinfacht, auch wenn damit immer noch kein WYSIWYG-Tool bereitgestellt ist.},
  langid   = {english},
  note       = {FreeWeb / HTML},
  url        = {https://ctan.org/pkg/pmx},
  urldate    = {2018-12-21},
}

@Online{CtanMusixTex2018a,
  author     = {{anon. [CTAN]}},
  gender     = {sf},
  sortname   = {CTAN},
  title      = {MusiX{\TeX}\ – Sophisticated music typesetting},
  year       = {o.J. [2018]},
  annote     = {Die Homepage des MusixTeX-Paketes, eines freien \TeX\ basierten Systems zum Druck von typographisch exzellent aufbereiteten Noten(blättern): Wer \LaTeX\ schätzt, wird den Output von MusiX\TeX\ lieben.},
  langid   = {english},
  note       = {FreeWeb / HTML},
  url        = {https://ctan.org/pkg/musixtex},
  urldate    = {2018-12-21},
}

@Online{CtanHarmony2018a,
  author     = {{anon. [CTAN]}},
  gender     = {sf},
  sortname   = {CTAN},
  title      = {harmony – Typeset harmony symbols, etc., for musicology},
  year       = {o.J. [2005]},
  url        = {https://ctan.org/pkg/harmony},
  urldate    = {2018-12-21},
  langid   = {english},
  note       = {FreeWeb / HTML},
  annote     = {Die Homepage des Harmony-\LaTeX-Paketes, eines freien \LaTeX-Addons, das die Zeichen für die Harmonieanalyse bereitstellt.},
}

@Online{FSF2018a,
  author       = {{Free Software Foundation}},
  gender     = {pp},
  title        = {Freie Software. Was ist das?},
  year         = {o.J [2016]},
  titleaddon   = {Übersetzung aus dem Amerikanischen},
  url          = {https://www.gnu.org/philosophy/free-sw.de.html},
  urldate      = {2018-12-21},
  langid     = {german},
  note         = {FreeWeb / HTML},
  organization = {Free Software Foundation},
  annote       = {Kurze Erklärung des Wesens von freier Software, insbesondere der vier Freiheiten, die Software erst zu freier Software machen.},
}

@Book{MitGoo2005a,
  author     = {Frank Mittelbach and Michel Goossens},
  gender     = {mm},
  title      = {Der \LaTeX-Begleiter},
  year       = {2005},
  titleaddon = {unter Mitarbeit v. J. Braams, D. Carlisle u. C. Rowley; mit Beitr. v. Christine Detig u. Joachim Schrod.},
  edition  = {2., überarb. u. erw.},
  isbn       = {3-8273-7166-X},
  langid   = {german},
  note       = {Print},
  location    = {München, Boston [... u.a.O.]},
  annote     = {Ein Standardnachschlagewerk, das auch viele 'abseitige' \LaTeX-Themen ausführlich und fundiert erläutert.},
}

@Online{Kielhorn2003a,
  author     = {Axel Kielhorn},
  gender     = {sm},
  title      = {The wasysym macro package for {\LaTeX}2e},
  url        = {http://texdoc.net/texmf-dist/doc/latex/wasysym/wasysym.pdf},
  urldate    = {2018-12-22},
  year       = {2003},
  annote     = {Übersicht über den Zeichenbestand des \LaTeX-Paketes wasysym.},
  langid   = {english},
  note       = {FreeWeb / PDF},
}

@Online{CtanWasysym2018a,
  author     = {{anon. [CTAN]}},
  gender     = {sf},
  sortname   = {CTAN},
  title      = {wasysym - \LaTeX\ support file to use the WASY2 fonts},
  year       = {o.J. [2003]},
  url        = {https://ctan.org/pkg/wasysym},
  urldate    = {2018-12-21},
  langid   = {english},
  note       = {FreeWeb / HTML},
  annote     = {Die Homepage des wasysym-\LaTeX-Paketes, das zusätzliche Sonderzeichen bereitstellt, darunter kleine Notensymbole.},
}

@Online{CtanMusicography2018a,
  author     = {{anon. [CTAN]}},
  gender     = {sf},
  sortname   = {CTAN},
  title      = {musicography – Accessing symbols for music writing with pdf\LaTeX},
  year       = {o.J. [2018]},
  annote     = {Die Homepage des musicography-\LaTeX-Paketes mit zusätzlichen Sonderzeichen.},
  langid   = {english},
  note       = {FreeWeb / HTML},
  url        = {https://ctan.org/pkg/musicography},
  urldate    = {2018-12-23},
}

@Online{Cashner2018a,
  author     = {Andrew A. Cashner},
  gender     = {sm},
  title      = {The musicography Package: Symbols for Music Writing with pdflatex},
  url        = {http://ctan.space-pro.be/tex-archive/macros/latex/contrib/musicography/musicography.pdf},
  urldate    = {2018-12-23},
  year       = {2018},
  annote     = {Ein Paket, dass Irritationen bei der Erzeugung druckfähiger PDFs per pdflatex mit einem neuen Zeichensatz lösen will, für den auch die entsprechenden PDF Fonts bereitgestellt werden.},
  langid   = {english},
  note       = {FreeWeb / PDF},
}

@Online{Abc2018a,
  author     = {Chris Walshaw},
  gender     = {sm},
  title      = {abc notation home page},
  year       = {o.J. [2018]},
  url        = {http://abcnotation.com/},
  urldate    = {2018-12-25},
  langid   = {english},
  note       = {FreeWeb / HTML},
  annote     = {Homepage der abc Notation - das text basierte Musiknotationssystem, das von sich beansprucht, der de-facto-Standard für Folk- und Volksmusik zu sein - erlaubt produktiv allerdings nur einzeilige Notate.},
}

@Online{Mansfield2016a,
  author     = {Steve Mansfield},
  gender     = {sm},
  title      = {How to interpret abc music notation},
  url        = {http://www.lesession.co.uk/abc/abc_notation.htm},
  urldate    = {2018-12-25},
  year       = {2016},
  annote     = {Eine Anleitung zur Interpretation der ABC-Notation.},
  langid   = {english},
  note       = {FreeWeb / HTML},
}

@Online{CtanAbc2018a,
  author     = {{anon. [CTAN]}},
  gender     = {sf},
  sortname   = {CTAN},
  title      = {abc – Support ABC music notation in \LaTeX},
  year       = {o.J. [2016]},
  url        = {https://ctan.org/pkg/abc},
  urldate    = {2018-12-25},
  langid   = {english},
  note       = {FreeWeb / HTML},
  annote     = {Die Homepage des abc-\LaTeX-Paketes, dass das text basierte Musiknotationssystem zur Formulierung einzeiliger Notate für \LaTeX\ bereitstellt.},
}

@Online{Gregorio2016a,
  author     = {Enrico Gregorio},
  gender     = {sm},
  title      = {The abc package},
  url        = {https://ctan.org/tex-archive/macros/latex/contrib/abc/abc.pdf},
  urldate    = {2018-12-25},
  year       = {2016},
  annote     = {Erläuterung des ABC \LaTeX-Paketes.},
  langid   = {english},
  note       = {FreeWeb / PDF},
}

@Online{CtanTexmuse2005b,
  author     = {{anon. [CTAN]}},
  gender     = {sf},
  sortname   = {CTAN},
  title      = {Running {\TeX}muse},
  year       = {2005},
  url        = {http://ctan.space-pro.be/tex-archive/macros/texmuse/Doc/pdf/running.pdf},
  urldate    = {2018-12-27},
  langid   = {english},
  note       = {FreeWeb / PDF},
  annote     = {Die Installationsanleitung des TeXmuse-\LaTeX-Paketes und seiner Schriften.},
}

@Online{CtanTexmuse2005a,
  author     = {{anon. [CTAN]}},
  gender     = {sf},
  sortname   = {CTAN},
  title      = {{\TeX}muse – Music typesetting system using \TeX\ and METAFONT},
  year       = {o.J. [2005]},
  annote     = {Die Homepage {\TeX}muse-\LaTeX-Paketes, das nur in einer ersten 'Interimsversion' vorgelegt worden ist.},
  langid   = {english},
  note       = {FreeWeb / HTML},
  url        = {https://ctan.org/pkg/texmuse},
  urldate    = {2018-12-27},
}

@Online{Garcia2005a,
  author     = {Federico Garcia},
  gender     = {sm},
  title      = {{\TeX}muse’s Main Loop},
  year       = {2005},
  annote     = {Die Anleitung zur Nutzung von {\TeX}muse.},
  langid   = {english},
  note       = {FreeWeb / HTML},
  url        = {http://ftp.fau.de/ctan/macros/texmuse/Doc/pdf/mainloop.pdf},
  urldate    = {2018-12-27},
}

@Online{Chambers2018a,
  author     = {John Chambers},
  gender     = {sm},
  title      = {ABC Music Notation},
  year       = {o.J. [2009]},
  annote     = {Eine weitere Online-Anleitung zur Nutzung der ABC-Notation.},
  langid   = {english},
  note       = {FreeWeb / HTML},
  url        = {http://trillian.mit.edu/~jc/music/abc/doc/ABCtutorial.html},
  urldate    = {2018-12-27},
}

@Online{Abc2018b,
  author     = {Chris Walshaw},
  gender     = {sm},
  title      = {abc software packages},
  year       = {o.J. [2018]},
  url        = {http://abcnotation.com/software},
  urldate    = {2018-12-25},
  langid   = {english},
  note       = {FreeWeb / HTML},
  annote     = {Eine Liste von Tools zur Editierung und Auswertung von abc-Musiknotationen: Die Fülle der Verwertungstools für die unterschiedlichstens Zwecke und Systeme erzeugt ein komplexes Musikverwertungssystem.},
}

@Online{Gonzato2018a,
  author     = {Guido Gonzato},
  gender     = {sm},
  title      = {The ABC Plus Project},
  url        = {http://abcplus.sourceforge.net/},
  urldate    = {2018-12-28},
  year       = {o.J. [2018]},
  annote     = {Die Homepage des ABC-Plus-Projektes, das die ABC-Notationsmethodik auf Mehr\-stimmigkeit in mehreren Systemen ausweitet.},
  langid   = {english},
  note       = {FreeWeb / HTML},
}

@Online{Gonzato2018b,
  author     = {Guido Gonzato},
  gender     = {sm},
  title      = {Making Music with Abc 2},
  year       = {2018},
  subtitle = {A practical guide to the Abc notation; [ formerly: 'Making Music with Abc Plus' ]},
  url        = {http://abcplus.sourceforge.net/abcplus_en.html},
  urldate    = {2018-12-28},
  langid   = {english},
  note       = {FreeWeb / PDF},
  annote     = {Tutorial zur Nutzung der ABC-Notationsmethode inklusive der Erweiterungen zur Erfassung von mehrersystemigen Noten.},
}

@Online{Rosen2018a,
  author     = {Paul Rosen},
  gender     = {sm},
  title      = {ABC Notation [Wordpress Plugin]},
  url        = {https://de.wordpress.org/plugins/abc-notation/},
  urldate    = {2018-12-29},
  year       = {o.J. [2018]},
  annote     = {Als Beispiel für die Weiterverwendbarkeit der zu lernenden Notationstechnik: sie kann z.B. über ein Wordpressplugin gleichermaßen auch in einer Wordpresssite verwendet werden.},
  langid   = {english},
  note       = {FreeWeb / HTML},
}

@Online{Noack2013a,
  author     = {Cornelius C. Noack},
  gender     = {sm},
  title      = {Typesetting music with PMX},
  year       = {2013},
  annote     = {Das PMX-Handbuch, das ausführlich alle Eigenschaften und Eigenarten von PMX bespricht und ehrlicherweise auf die begrenzte Verwendbarkeit für \LaTeX-Nutzer hinweist - nicht ohne allerdings auch auf einige Brücken einzugehen.},
  langid   = {english},
  note       = {FreeWeb / PDF},
  url        = {http://icking-music-archive.org/software/pmx/pmxccn.pdf},
  urldate    = {2018-12-31},
}

@Online{Reincke2019a,
  author     = {Karsten Reincke},
  gender     = {sm},
  title      = {Quellen zu Musikwissenschaft mit LaTeX},
  year       = {2019},
  note       = {FreeWeb / TXT},
  annote     = {Alle Quelldateien zur mysrf-basierten Erzeugung der Tooluntersuchung 'Musikwissenschaft mit \LaTeX'.},
  langid   = {english},
  url        = {https://github.com/kreincke/mycsrf/tree/master/examples/musicology.de},
  urldate    = {2019-01-02},
}

@Online{Simons2017a,
  author     = {Don Simons},
  gender     = {sm},
  title      = {PMX – a Preprocessor for MusiX\TeX},
  year       = {2017},
  annote     = {Das PMX-Handbuch des PMX-Paketes.},
  langid   = {english},
  note       = {FreeWeb / PDF},
  titleaddon = {[Handbuch]},
  url        = {http://ftp.uni-erlangen.de/ctan/support/pmx/doc/pmx284.pdf},
  urldate    = {2019-01-04},
}

@Online{CtanMtx2018a,
  author     = {{anon. [CTAN]}},
  gender     = {sf},
  sortname   = {CTAN},
  title      = {M-Tx – A preprocessor for pmx},
  url        = {https://ctan.org/pkg/m-tx},
  urldate    = {2019-01-04},
  year       = {o.J. [2018]},
  annote     = {Die Homepage des M-Tx-Paketes, das einen freien Präprozessor für M-Tx an\-bie\-tet, der -- wie bei Liedern nötig -- die Verbindung von Text und PMX encodierten Noten vereinfachen soll.},
  langid   = {english},
  note       = {FreeWeb / HTML},
}

@Online{Laurie2017a,
  author     = {Dirk Laurie},
  gender     = {sm},
  title      = {M-Tx: Music from Text},
  year       = {2016},
  url        = {http://ctan.space-pro.be/tex-archive/support/m-tx/doc/mtxdoc.pdf},
  urldate    = {2019-01-04},
  langid   = {english},
  note       = {FreeWeb / PDF},
  annote     = {Das M-Tx-Handbuch und -Tutorial.},
}

@Online{LilyPond2018b,
  author     = {{LilyPond Development Team}},
  gender     = {pp},
  title      = {LilyPond. Learning Manual},
  year       = {o.J. [2012]},
  url        = {http://lilypond.org/doc/v2.18/Documentation/learning.de.pdf},
  urldate    = {2019-01-05},
  langid   = {german},
  note       = {FreeWeb / PDF},
  annote     = {Das LilyPond Tutorial, das einen gelungenen Einstieg gewährleistet. Es ist auch als html-Seite erreichbar (http://lilypond.org/doc/v2.18/Documentation/learning-big-page.de.html).},
}

@Online{LilyPond2018c,
  author     = {{LilyPond Development Team}},
  gender     = {pp},
  title      = {LilyPond. Notationsreferenz},
  year       = {o.J. [2012]},
  annote     = {Die LilyPond Notationsreferenz: sehr, sehr lang (800+x Seiten), also nicht ausdruckbar, aber sehr, sehr wichtig für die Details. Deshalb gibt es diese Referenz auch als HTML Version (http://lilypond.org/doc/v2.18/Documentation/notation/).},
  langid   = {german},
  note       = {FreeWeb / PDF},
  url        = {http://lilypond.org/doc/v2.18/Documentation/notation.de.pdf},
  urldate    = {2019-01-05},
}

@Online{LilyPond2018a,
  author     = {{LilyPond Development Team}},
  gender     = {pp},
  title      = {LilyPond. Notensatz für Jedermann},
  year       = {o.J. [2018]},
  annote     = {Die Homepage von LilyPond, einer freien Alternative zu Musix\TeX, die also auch zur Erstellung und zum Druck von typographisch exzellent aufbereiteten Partituren dient.},
  langid   = {german},
  note       = {FreeWeb / PDF},
  url        = {http://lilypond.org/index.de.html},
  urldate    = {2019-01-05},
}

@Online{LilyPond2018d,
  author     = {{LilyPond Development Team}},
  gender     = {pp},
  title      = {Aufsatz über den automatischen Musiksatz},
  year       = {o.J. [2012]},
  url        = {http://lilypond.org/doc/v2.18/Documentation/essay.de.pdf},
  urldate    = {2019-01-08},
  langid   = {german},
  note       = {FreeWeb / HTML},
  annote     = {Eine Arbeit, in der das LilyPond-Team darstellt, was aus seiner Sicht guter und schlechter Notensatz ist und welche Aufgaben damit für LilyPond entstehen.},
}

@Online{LilyPond2018e,
  author     = {{LilyPond Development Team}},
  gender     = {pp},
  title      = {LilyPond. Usage},
  url        = {http://lilypond.org/doc/v2.18/Documentation/usage.de.pdf},
  urldate    = {2019-01-09},
  year       = {o.J. [2018]},
  annote     = {Die LilyPond Nutzungreferenz 'Usage': die kürzere Anleitung zur Nutzung von LilyPond.},
  langid   = {german},
  note       = {FreeWeb / PDF},
}

@Online{Enzenhofer2016a,
  author     = {Michael Enzenhofer},
  gender     = {sm},
  title      = {\LaTeX\ für Musiker},
  year       = {2016},
  annote     = {Eine eher grundsätzliche Einführung in Sachen Musik und \LaTeX: Sie bietet einen ersten Überblick über die \LaTeX- und LilyPond-Codierung.},
  langid   = {english},
  note       = {FreeWeb / PDF},
  url        = {http://www.michael-enzenhofer.at/LaTeXfuerMusiker/Latex4Musiker_1.pdf},
  urldate    = {2019-01-11},
}

@Online{WpedBaum2019a,
  author     = {{anon. [Wikipedia]}},
  gender     = {sm},
  sortname   = {Wikipedia},
  title      = {Baum (Graphentheorie)},
  year       = {o.J. [2019]},
  url        = {https://de.wikipedia.org/wiki/Baum_(Graphentheorie)},
  urldate    = {2019-01-11},
  langid   = {german},
  note       = {FreeWeb / HTML},
  annote     = {Eine erste Orientierung in Sachen graphentheoretischer Definition 'Baum'.},
}

@Online{Koellerwirth2015a,
  author     = {Micha Köllerwirth},
  gender     = {sm},
  title      = {UTF-8-Codetabelle mit Unicode-Zeichen},
  url        = {https://www.utf8-zeichentabelle.de/unicode-utf8-table.pl},
  urldate    = {2019-01-14},
  year       = {o.J. [2015]},
  annote     = {Seite zum Anzeigen der Unicode-Zeichen: Die UTF-8-Musikzeichen sind zwischen U+1D100 bis U+1D1FF encodiert.},
  langid   = {german},
  note       = {FreeWeb / HTML},
}

@Online{WpedGuile2019a,
  author     = {{anon. [Wikipedia]}},
  gender     = {sm},
  sortname   = {Wikipedia},
  title      = {GNU Guile},
  year       = {o.J. [2019]},
  annote     = {Als GNU-Projekt nutzt LilyPond für seine Markup-Language auch die 'GNU Ubiquitous Intelligent Language for Extensions' und macht sich so erweiterbar. Gleichwohl muss man bei seiner Nutzung die LilyPond spezifischen Evalualitonsfunktionen berücksichtigen.},
  langid   = {german},
  note       = {FreeWeb / HTML},
  url        = {https://de.wikipedia.org/wiki/GNU_Guile},
  urldate    = {2019-01-14},
}

@Online{Gonzato2004a,
  author     = {Guido Gonzato},
  gender     = {sm},
  title      = {Musik setzen mit ABC Plus. Einführung in die ABCPLUS Notation und Applikation},
  year       = {2003},
  titleaddon = {ins Deutsche übers. v. Michael Krause},
  url        = {http://abcplus.sourceforge.net/ABCPlus.pdf},
  urldate    = {2018-12-28},
  langid   = {german},
  note       = {FreeWeb / PDF},
  annote     = {Deutsches Tutorial zur Nutzung der ABC-Notationsmethode inklusive der Erweiterungen zur Erfassung von mehrersystemigen Noten.},
}

@Online{Tennent2018a,
  author     = {Bob Tennent},
  gender     = {sm},
  title      = {MusiX{\TeX}\ and Related Software},
  year       = {o.J.},
  annote     = {Tools zur Editierung und Auswertung von MusiX\TeX-Musiknotationen.},
  langid   = {english},
  note       = {FreeWeb / HTML},
  url        = {https://icking-music-archive.org/software/htdocs/More_Related_Software.html},
  urldate    = {2019-01-17},
}

@Online{LilyPond2018f,
  author     = {{LilyPond Development Team}},
  gender     = {pp},
  title      = {LilyPond. Allgemeine Information},
  year       = {o.J. [2015]},
  url        = {http://lilypond.org/doc/v2.19/Documentation/web.de.pdf},
  urldate    = {2019-01-17},
  langid   = {german},
  note       = {FreeWeb / PDF},
  annote     = {Eine PDF-Datei, die den Internetauftritt von LilyPond dokumentiert und mit Seitenzahlen zitierfähig macht.},
}

@Online{MusicXML2018a,
  author     = {{anon. [MakeMusic]}},
  gender     = {sf},
  sortname   = {MakeMusic},
  title      = {MusicXML Homepage},
  year       = {o.J. [2018]},
  url        = {https://www.musicxml.com/},
  urldate    = {2018-12-21},
  langid   = {english},
  note       = {FreeWeb / HTML},
  annote     = {Eine Seite aus der MusicXML-Site listet eine Fülle von Software auf, mit der MusicXML encodierte Dateien generiert resp. ver- und bearbeitet werden können.},
}

@Online{WpedNotensatz2019a,
  author     = {{anon. [Wikipedia]}},
  gender     = {pp},
  sortname   = {Wikipedia},
  title      = {Liste von Notensatzprogrammen},
  year       = {o.J. [2019]},
  annote     = {Eine umfangreiche Liste von Notensatzprogrammen, klassifiziert nach den Kriterien 'proprietär' versus 'open source', 'visuell' versus 'markup' und 'aktuell' versus 'obsolet'.},
  langid   = {german},
  note       = {FreeWeb / HTML},
  url        = {https://de.wikipedia.org/wiki/Liste_von_Notensatzprogrammen},
  urldate    = {2019-01-17},
}

@Online{LinuxSoundNotation2006a,
  author     = {anon.},
  gender     = {sf},
  title      = {Sound \& MIDI Software For Linux. Music Notation Editors},
  url        = {http://linux-sound.org/notation.html},
  urldate    = {2019-01-18},
  year       = {o.J. [2006]},
  annote     = {Eine deutliche ältere Site, die Sound-Software für Linux auflistet - darunter eben auch Notationsprogramme. Ob ihrer Fülle und thematischen Breite vermag diese Site auch heute zu helfen, selbst wenn Links und Pakete gelegentlich nicht mehr ganz aktuell sind.},
  langid   = {english},
  note       = {FreeWeb / HTML},
}

@Online{Andres2018b,
  author     = {Jörg Andres},
  gender     = {sm},
  title      = {[NtEd Homepage]},
  year       = {o.J.},
  url        = {https://vsr.informatik.tu-chemnitz.de/staff/jan/nted/nted.xhtml},
  urldate    = {2019-01-18},
  langid   = {english},
  note       = {FreeWeb / HTML},
  annote     = {Im Netz vielfach erwähnte Homepage des Notensatzprogramms NtEd - leider ist sie heute nicht mehr zugänglich.},
}

@Online{UbuntuNtEd2016a,
  author     = {{anon. [Ubuntu]}},
  gender     = {sf},
  sortname   = {Ubuntu},
  title      = {NtEd},
  year       = {o.J. [2016]},
  annote     = {Eine Ubuntu-Seite zu NtEd, in der Jörg Andres als Autor und die mittlerweile nicht mehr erreichbare Homepage genannt wird, nicht ohne allerdings darauf zu verweisen, dass die NtEd-Homepage seit 11/2017 nicht mehr zugänglich ist. Das bedeutet auch, dass man die Quellen und Dokumentation nur noch auf Umwegen erreicht.},
  langid   = {german},
  note       = {FreeWeb / HTML},
  url        = {https://wiki.ubuntuusers.de/NtEd/},
  urldate    = {2019-01-18},
}

@Online{Andres2018a,
  author     = {Jörg Andres},
  gender     = {sm},
  title      = {[Selbstbeschreibung des NoteEdit- und NtEd-Autors Jörg Andres]},
  year       = {o.J},
  annote     = {Eine Selbstbeschreibungsseite, auf der sich Jörg Andres als Autor von NoteEdit und NtEd bezeichnet, wobei er beide Tools auf nicht mehr erreichbare Seiten verlinkt.},
  langid   = {english},
  note       = {FreeWeb / HTML},
  url        = {https://vsr.informatik.tu-chemnitz.de/about/people/anders/},
  urldate    = {2019-01-18},
}

@Book{Voss2018a,
  author     = {Herbert Voß},
  gender     = {sm},
  title      = {Die wissenschaftliche Arbeit mit \LaTeX},
  location    = {Berlin},
  year       = {2018},
  subtitle = {unter Verwendung von Lua\TeX, KOMA-Script und Biber/Bib\LaTeX},
  publisher  = {Lehmanns Media},
  isbn       = {978-3-86541-946-0},
  series     = {dante},
  annote     = {Eine sehr praktische Einführung in \LaTeX, die sich auf die Erstellung wissenschaftlicher Texte konzentriert. Einziger kleiner Wermutstropfen ist die eher mathematisch orientiert Vorgabe, wie wissenschaftliche Texte auszusehen hätten. Die Geisteswissenschaft ist -- wie so oft -- irgendwie nur 'mitgemeint'.},
  langid   = {german},
  note       = {Print},
}

@Online{Kuhn2019a,
  author     = {Markus Kuhn},
  gender     = {sm},
  title      = {UTF-8 and Unicode FAQ for Unix/Linux},
  year       = {o.J. [2009]},
  annote     = {Eine ausführliche Darstellung der Zusammenhänge von UCS, Unicode und UTF8: von der Zeichentabelle bis zur Encodierungsmethode.},
  langid   = {german},
  note       = {FreeWeb / HTML},
  url        = {https://www.cl.cam.ac.uk/~mgk25/unicode.html},
  urldate    = {2019-01-22},
}

@Article{Brendel2005a,
  author     = {Jens-Christoph Brendel},
  gender     = {sm},
  title      = {Notensatz unter Linux – eine Übersicht},
  journal    = {Linux-Magazin},
  year       = {2005},
  pages      = {ubdwp.},
  volume     = {9},
  annote     = {Eine ältere 'Sichtung': bespricht MUP, ABC PLUS, LilyPond, Noteedit, Rosegarden und KGuitar.},
  langid   = {german},
  note       = {FreeWeb / HTML},
  url        = {http://www.linux-magazin.de/ausgaben/2005/09/digitale-notenstecher/},
  urldate    = {2019-01-22},
}

@Online{Roitman2007a,
  author     = {Alex Roitman},
  gender     = {sm},
  title      = {Editing music scores with free software},
  url        = {https://www.linux.com/news/editing-music-scores-free-software},
  urldate    = {2019-01-22},
  year       = {2007},
  annote     = {Eine weitere ältere Sichtung von Opensource-Notensatzsystemen: es werden LilyPond, NoteEdit, Rosegarden und Denemo erwähnt.},
  langid   = {english},
  note       = {FreeWeb / HTML},
}

@Article{Andres2002a,
  author     = {Jörg Andres},
  gender     = {sm},
  title      = {NoteEdit – Ein graphischer Noteneditor für Linux},
  journal    = {LinuxUser},
  year       = {2002},
  pages      = {ubdwp.},
  number     = {02},
  annote     = {Eine frühe Beschreibung des Notensatzprogrammes durch den initialen Autor.},
  langid   = {english},
  note       = {FreeWeb / HTML},
  url        = {http://www.linux-community.de/ausgaben/linuxuser/2002/04/noteedit-ein-graphischer-noteneditor-fuer-linux/},
  urldate    = {2019-01-23},
}

@Online{NoteeditRep2014a,
  author     = {{anon. [SourceForge]}},
  gender     = {sf},
  sortname   = {SourceForge},
  title      = {Noteedit - A Score Editor},
  year       = {o.J. [2014]},
  annote     = {Das SourceForge Repository zum Download der Noteedit Quellen.},
  langid   = {english},
  note       = {FreeWeb / HTML},
  url        = {https://sourceforge.net/projects/noteedit.berlios/},
  urldate    = {2019-01-23},
}

@Online{WpedCanorus2019a,
  author     = {{anon. [Wikipedia]}},
  gender     = {pp},
  sortname   = {Wikipedia},
  title      = {Canorus},
  year       = {o.J. [2019]},
  annote     = {Generelle Einordnung von Canorus als Notensatzprogramm.},
  langid   = {german},
  note       = {FreeWeb / HTML},
  url        = {https://de.wikipedia.org/wiki/Canorus},
  urldate    = {2019-01-23},
}

@Online{Tennent2018b,
  author     = {Bob Tennent},
  gender     = {sm},
  title      = {MusiX\TeX\ and More Releated Software},
  year       = {o.J.},
  url        = {https://icking-music-archive.org/software/htdocs/},
  urldate    = {2019-01-17},
  langid   = {english},
  note       = {FreeWeb / HTML},
  annote     = {Eine generelle Einführung in die Nutzung von MusiX{\TeX} und verwandte Software.},
}

@Online{Arkka2017a,
  author     = {{Arkkra Enterprises}},
  gender     = {sf},
  title      = {[Homepage of] Mup [, the] music publication program},
  year       = {o.J. [2017ff]},
  annote     = {Die Homepage des 'music publication program's, beschrieben als ein weiteres textbasiertes Musiknotationssystem, mit dem man schließlich hochwertige Postskriptdateien erzeugen können soll.},
  langid   = {english},
  note       = {FreeWeb / HTML},
  url        = {http://www.arkkra.com/},
  urldate    = {2019-01-26},
}

@Online{Arkka2017b,
  author     = {{Arkkra Enterprises}},
  gender     = {sf},
  title      = {Mup Licence},
  year       = {o.J. [2017ff]},
  annote     = {Die Mup Lizenz, eine Instantiierung der BSD-3-Clause Lizenz.},
  langid   = {english},
  note       = {FreeWeb / HTML},
  url        = {http://www.arkkra.com/doc/license.html},
  urldate    = {2019-01-26},
}

@Online{Arkka2017c,
  author     = {{Arkkra Enterprises}},
  gender     = {sf},
  title      = {Obtaining a copy of Mup Version 6.6},
  year       = {o.J. [2017ff]},
  annote     = {Verschiedene Wege, Mup als Software zu bekommen und zu installieren. Nicht alle Distributionen bringen die Software als Paket mit.},
  langid   = {english},
  note       = {FreeWeb / HTML},
  url        = {http://www.arkkra.com/doc/obtain.html},
  urldate    = {2019-01-26},
}

@Online{Arkka2017d,
  author     = {{Arkkra Enterprises}},
  gender     = {sf},
  title      = {The Mup Music Publication program [Featurelist]},
  year       = {o.J. [2017ff]},
  annote     = {Eigenschaften der Mup Software.},
  langid   = {english},
  note       = {FreeWeb / HTML},
  url        = {http://www.arkkra.com/doc/mupfeat.htmll},
  urldate    = {2019-01-26},
}

@Online{Canorus2019a,
  author     = {{anon. [SourceForge]}},
  gender     = {sf},
  sortname   = {SourceForge},
  title      = {Canorus - music score editor. [Homepage]},
  year       = {o.J. [2019]},
  annote     = {Die Homepage von Canorus und zugleich der Einstiegspunkt in die Projektsite - sie listet Eigenschaften auf, bietet Beispiele und zeigt die letzten Aktivitäten an.},
  langid   = {english},
  note       = {FreeWeb / HTML},
  url        = {https://sourceforge.net/projects/canorus/},
  urldate    = {2019-01-27},
}

@Online{UbuntuCanorus2014a,
  author     = {{anon. [Ubuntu]}},
  gender     = {sf},
  sortname   = {Ubuntu},
  title      = {Canorus},
  year       = {o.J. [2014]},
  annote     = {Die ältere Ubuntu-Seite für Canorus, der man auch entnehmen kann, dass die Entwicklung auch schon vor 2015 unterbrochen worden ist.},
  langid   = {german},
  note       = {FreeWeb / HTML},
  url        = {https://wiki.ubuntuusers.de/Canorus/},
  urldate    = {2019-01-27},
}

@Article{Kreussel2015a,
  author     = {Peter Kreussel},
  gender     = {sm},
  title      = {Neue Software},
  journal    = {EasyLinux},
  year       = {2015},
  pages      = {ubdpw.},
  volume     = {03},
  annote     = {'Wiederabdruck' eines Reviews der vorletzten Canorus-Version: es sei eine leichtgewichtige Alternative zu MuseScore und erhält -- trotz des sehr vorläufigen Status -- 4 von Sternen.},
  langid   = {german},
  note       = {FreeWeb / HTML},
  url        = {http://www.linux-community.de/ausgaben/easylinux/2015/03/neue-software-teil-1-2/2/},
  urldate    = {2019-01-27},
}

@Online{Canorus2019b,
  author     = {{anon. [SourceForge]}},
  gender     = {sf},
  sortname   = {SourceForge},
  title      = {Versions for canorus},
  year       = {o.J. [2019]},
  annote     = {Seite eines Services, der aktuelle Pakete von Opensource-Software listet, in diesem Fall die, die von Canorus erhältlich sind.},
  langid   = {english},
  note       = {FreeWeb / HTML},
  url        = {https://repology.org/metapackage/canorus/versions},
  urldate    = {2019-01-27},
}

@Online{Audimus2008b,
  author     = {{anon. [SourceForge]}},
  gender     = {sf},
  sortname   = {SourceForge},
  title      = {Audimus Download},
  year       = {o.J [2008]},
  annote     = {Die Audimus-Downloadpage. Das 1.0 Release stammt vom 09/2007, ein anschließendes Testrelease von 08/2008.},
  langid   = {english},
  note       = {FreeWeb / HTML},
  url        = {https://sourceforge.net/projects/audimus/files/},
  urldate    = {2019-01-31},
}

@Online{Audimus2008a,
  author     = {{anon. [SourceForge]}},
  gender     = {sf},
  sortname   = {SourceForge},
  title      = {Audimus Homepage},
  year       = {o.J. [2008]},
  annote     = {Die Audimus-Homage eines älteren Java basierten Notensatzprogrammes, das 'nur' MusicXML liest und schreibt und das heute nur noch begrenzt lauffähig ist.},
  langid   = {english},
  note       = {FreeWeb / HTML},
  url        = {https://sourceforge.net/projects/audimus/},
  urldate    = {2019-01-31},
}

@Online{WpedMidi2019a,
  author     = {{anon. [Wikipedia]}},
  gender     = {pp},
  sortname   = {Wikipedia},
  title      = {Musical Instrument Digital Interface},
  year       = {o.J. [2019]},
  annote     = {Grundsätzliche Informationen über das 'Wesen' von MIDI als 'Standard für den Austausch musikalischer Steuerinformationen zwischen elektronischen Instrumenten'.},
  langid   = {german},
  note       = {FreeWeb / HTML},
  url        = {de.wikipedia.org/wiki/Musical_Instrument_Digital_Interface},
  urldate    = {2019-02-02},
}

@Online{Rogers2011a,
  author     = {Doug Rogers},
  gender     = {sm},
  title      = {MusEdit [Homepage]},
  year       = {o.J. [2011]},
  annote     = {Die 'neue' Homepage von MusEdit. Die Domain zu 'musedit.com' ist jedenfalls nicht mehr aktiv. Auch der Inhalt scheint alt: am Ende verkündet der Autor, dass er keine Zeit mehr habe, das Programm zu pflegen. Und am Anfang kündigt er an, die Quellen als Open-Source-Software freizugeben - was (bisher wohl) nicht geschehen ist.},
  langid   = {english},
  note       = {FreeWeb / HTML},
  url        = {http://dougrrogers.info/websites/MusEdit/index.htm#StoryOfMusEdit},
  urldate    = {2019-02-03},
}

@Online{AriaMaestosa2017b,
  author     = {{anon. [SourceForge]}},
  gender     = {sf},
  sortname   = {SourceForge},
  title      = {Aria Maestosa Manual},
  year       = {o.J. [2017]},
  annote     = {Die Anleitung zur Nutzung des MIDI-Sequencers und Editors, die auch die Eingabe der Noten per Simulation von Instrumenten beschreibt.},
  langid   = {english},
  note       = {FreeWeb / HTML},
  url        = {http://ariamaestosa.sourceforge.net/man.html},
  urldate    = {2019-02-03},
}

@Online{AriaMaestosa2017a,
  author     = {{anon. [SourceForge]}},
  gender     = {sf},
  sortname   = {SourceForge},
  title      = {Aria Maestosa},
  year       = {o.J. [2017]},
  annote     = {Die Homepage eines MIDI-Sequencers und Editors, das die Noteneingabe graphisch über die Simulation von Instrumenten anbietet und das 'nur' insofern ein Notensatzprogramm ist, als es auch den Ausdruck der erarbeiteten Noten erlaubt.},
  langid   = {english},
  note       = {FreeWeb / HTML},
  url        = {http://ariamaestosa.sourceforge.net/},
  urldate    = {2019-02-03},
}

@Online{AriaMaestosa2017c,
  author     = {{anon. [SourceForge]}},
  gender     = {sf},
  sortname   = {SourceForge},
  title      = {Aria Maestosa Installation},
  year       = {o.J. [2017]},
  annote     = {Die Anleitung zur Installation eines MIDI-Sequencers und Editors, auch aus den Quellen heraus. Unglücklicherweise erwartet die Version von 2017 heute veraltete Bibliotheken.},
  langid   = {english},
  note       = {FreeWeb / HTML},
  url        = {http://ariamaestosa.sourceforge.net/building.html},
  urldate    = {2019-02-03},
}

@Online{Guepewi2017a,
  author     = {Guepewi},
  gender     = {sm},
  title      = {Aria Meastosa},
  year       = {2017},
  annote     = {Eine Beschreibung des Programms aus einem Windowskatalog, der auch das Exportformat 'aiff' erwähnt.},
  langid   = {german},
  note       = {FreeWeb / HTML},
  url        = {https://www.paules-pc-forum.de/forum/thread/177505-aria-maestosa/},
  urldate    = {2019-02-03},
}

@Online{Spencer2019a,
  author     = {Steve Spencer-Jowett},
  gender     = {sm},
  title      = {The ABCJ Page},
  year       = {o.J.},
  annote     = {Die ABCJ Homepage. Sie stellt alles auf einer Seite bereit: eine Beschreibung, den Download etc. etc. Aussehen und Funktionalität der Homepage lassen darauf schließen, dass ABCJ selbst ein älteres Programm ist,},
  langid   = {english},
  note       = {FreeWeb / HTML},
  url        = {http://abcj.ganderband.com/},
  urldate    = {2019-02-04},
}

@Online{Liberg2015a,
  author     = {Nils Liberg},
  gender     = {sm},
  title      = {EasyABC},
  year       = {o.J. [2015]},
  annote     = {Die ältere Hompage EasyABC, einem Open Source ABC Editor für Windows, OSX und Linux. Diese Tutorialseite erläutert, wie man ihn benutzt und woher man ihn bekommt. Daneben gibt es aber noch eine neuere SourceForge-Projekt-Seite.},
  langid   = {english},
  note       = {FreeWeb / HTML},
  url        = {https://www.nilsliberg.se/ksp/easyabc/},
  urldate    = {2019-02-04},
}

@Online{EasyAbc2017b,
  author     = {{anon. [SourceForge]}},
  gender     = {sf},
  sortname   = {SourceForge},
  title      = {EasyABC Homepage},
  year       = {2017},
  annote     = {Die neuere EasyABC-Homepage, die über Installationsoptionen informiert.},
  langid   = {english},
  note       = {FreeWeb / HTML},
  url        = {http://easyabc.sourceforge.net/},
  urldate    = {2019-02-04},
}

@Online{EasyAbc2017a,
  author     = {{anon. [SourceForge]}},
  gender     = {sf},
  sortname   = {SourceForge},
  title      = {EasyABC Repository},
  year       = {2017},
  annote     = {Die neuere EasyABC-Projektseite, die sehr grundsätzlich über das Programm informiert und den Download offeriert.},
  langid   = {english},
  note       = {FreeWeb / HTML},
  url        = {https://sourceforge.net/projects/easyabc/},
  urldate    = {2019-02-04},
}

@Online{EasyAbc2017c,
  author     = {{anon. [SourceForge]}},
  gender     = {sf},
  sortname   = {SourceForge},
  title      = {EasyABC Releases},
  year       = {2017},
  annote     = {Die neuere EasyABC-Versionsseite},
  langid   = {english},
  note       = {FreeWeb / HTML},
  url        = {https://sourceforge.net/projects/easyabc/files/EasyABC/},
  urldate    = {2019-02-04},
}

@Online{Harmath2018a,
  author     = {{Dénes (thsoft)} Harmath},
  gender     = {sm},
  title      = {Elisium. LilyPond IDE for Eclipse [Sources]},
  year       = {o.J. [2018]},
  annote     = {Die auf GitHub gehosteten, unter der EPL lizensierten Quellen des Eclipse-Plugins 'Elysium'.},
  langid   = {english},
  note       = {FreeWeb / HTML},
  url        = {https://github.com/thSoft/elysium},
  urldate    = {2019-02-09},
}

@Online{Harmath2019a,
  author     = {Dénes Harmath},
  gender     = {sm},
  title      = {Elysium [im Eclipse Marketplace]},
  year       = {2019},
  annote     = {Die Elysium-Package-Seite im Eclipse Marketplace},
  langid   = {english},
  note       = {FreeWeb / HTML},
  url        = {https://marketplace.eclipse.org/content/elysium},
  urldate    = {2019-02-09},
}

@Online{Harmath2019c,
  author     = {Dénes Harmath},
  gender     = {sm},
  title      = {Elysium. The LilyPond IDE for Eclipse. [Installation]},
  year       = {2019},
  annote     = {Die Seite, auf der die Instllation erklärt wird: man möge LilyPond installieren, dann Eclipse und Elysium - und fertig.},
  langid   = {english},
  note       = {FreeWeb / HTML},
  url        = {http://elysium.thsoft.hu/},
  urldate    = {2019-02-09},
}

@Online{Harmath2019d,
  author     = {Dénes Harmath},
  gender     = {sm},
  title      = {Elysium. The LilyPond IDE for Eclipse. [Motivation]},
  year       = {2019},
  annote     = {Die Seite, auf der der Autor erläutert, warum er Elysium als Eclipse-Plugin programmiert habe.},
  langid   = {english},
  note       = {FreeWeb / HTML},
  url        = {http://elysium.thsoft.hu/about/},
  urldate    = {2019-02-09},
}

@Online{Harmath2019b,
  author     = {Dénes Harmath},
  gender     = {sm},
  title      = {Elysium. The LilyPond IDE for Eclipse. [Homepage]},
  year       = {2019},
  annote     = {Die Homepage von Elysium, die das Plugin als 'Zen Garten' von LilyPond bezeichnet und mit dem Slogan 'Text-based music notation made easy' beginnt.},
  langid   = {english},
  note       = {FreeWeb / HTML},
  url        = {http://elysium.thsoft.hu/},
  urldate    = {2019-02-09},
}

@Online{Harmath2019e,
  author     = {Dénes Harmath},
  gender     = {sm},
  title      = {Elysium. The LilyPond IDE for Eclipse. [Eigenschaften]},
  year       = {2019},
  annote     = {Die Seite, auf der der Autor die Eigenschaften von Elysium skizziert.},
  langid   = {english},
  note       = {FreeWeb / HTML},
  url        = {http://elysium.thsoft.hu/features},
  urldate    = {2019-02-09},
}

@Online{Eclipse2018b,
  author     = {{anon. [Eclipse Foundation]}},
  gender     = {sf},
  sortname   = {Eclipse},
  title      = {Eclipse Packages},
  year       = {o.J. [2018]},
  annote     = {Die Downloadpage der verschiedenen auf bestimmte Zwecke vorbereiteten Eclipse-Pakete. Für LilyPond und Elysium reicht ein einfaches Standardpaket.},
  langid   = {english},
  note       = {FreeWeb / HTML},
  url        = {https://www.eclipse.org/},
  urldate    = {2019-02-09},
}

@Online{Eclipse2018a,
  author     = {{anon. [Eclipse Foundation]}},
  gender     = {sf},
  sortname   = {Eclipse},
  title      = {Eclipse Foundation. The Platform for Open Innovation and Collaboration},
  year       = {o.J. [2018]},
  annote     = {Die Homepage der 'Eclipse-Foundation' , die sich als Plattform der offenen Innovation und Zusammenarbeit darbietet und weit mehr sein möchte, als bloßer Distributor der integrierten Entwicklungsumgebung 'Eclipse'.},
  langid   = {english},
  note       = {FreeWeb / HTML},
  url        = {https://www.eclipse.org/},
  urldate    = {2019-02-09},
}

@Online{TeXlipse2019a,
  author     = {{anon. [SourceForge]}},
  gender     = {sf},
  sortname   = {SourceForge},
  title      = {TeXlipse Homepage},
  year       = {o.J. [2019]},
  annote     = {{\TeX}lipse, das Plugin, das die Eclipse IDE um \LaTeX\ Unterstützung erweitert.},
  langid   = {english},
  note       = {FreeWeb / HTML},
  url        = {http://texlipse.sourceforge.net/},
  urldate    = {2019-02-09},
}

@Online{Felix2018a,
  author     = {Ted Felix},
  gender     = {sm},
  title      = {Ted's Linux MIDI Guide},
  year       = {2018},
  annote     = {Eine sehr detaillierte und kenntnisreiche Erläuterung, wie man sein Linux-System wirklich sauber MIDI-fähig macht. Für gelegentliche Arbeiten braucht man aber vielleicht nicht das ganze Instrumentarium.},
  langid   = {english},
  note       = {FreeWeb / HTML},
  url        = {http://tedfelix.com/linux/linux-midi.html},
  urldate    = {2019-02-10},
}

@Online{Hilbricht2019c,
  author     = {Nils Hilbricht},
  gender     = {sm},
  title      = {Laborejo Manual},
  year       = {2019},
  annote     = {Die Manualpage von Laborejo. Unglücklicherweise besteht es -- Stand 01/2019 -- nur aus einem Helloworld.},
  langid   = {english},
  note       = {FreeWeb / HTML},
  url        = {https://www.laborejo.org/documentation/laborejo/},
  urldate    = {2019-02-11},
}

@Online{Hilbricht2019a,
  author     = {Nils Hilbricht},
  gender     = {sm},
  title      = {Laborejo Homepage},
  year       = {2019},
  note       = {FreeWeb / HTML},
  annote     = {Die Homepage von Laborejo, einem MIDI sequencer, der auf klassischer Notation zu beruhen vorgibt.},
  langid   = {english},
  url        = {https://www.laborejo.org/laborejo/},
  urldate    = {2021-01-03},
}

@Online{Hilbricht2019b,
  author     = {Nils Hilbricht},
  gender     = {sm},
  title      = {Laborejo Download},
  year       = {2019},
  annote     = {Die Downloadpage von Laborejo. Unglücklicherweise werden die Quellen Stand 01/2019 dort gar nicht angeboten, obwohl seine Homepage auf diese Seite verlinkt..},
  langid   = {english},
  url        = {https://www.laborejo.org/downloads/},
  urldate    = {2021-01-03},
}

@Online{Hilbricht2021a,
  author     = {Nils Hilbricht},
  gender     = {sm},
  title      = {Laborejo GIT Repository},
  year       = {o.J. [2021]},
  note       = {FreeWeb / HTML},
  annote     = {Die github-Homepage von Laborejo, die von den anderen 'Homepages' sagt, dass es keine richtige Website und kein sauberes Handbuch gäbe, weil Laborejo ein 'Hobbyprojekt' sei, das (aus Resourcengründen) keine richtige Dokumentation erzeugen könne.},
  langid   = {english},
  url        = {https://git.laborejo.org/lss/Laborejo},
  urldate    = {2021-01-03},
}

@Online{Callon2009a,
  author     = {Gordon J. Callon},
  gender     = {sm},
  title      = {Music Notation Software},
  year       = {o.J. [2009]},
  annote     = {Eine recht alte alphabetische Auflistung von Notensatzsystemen und -programmen, die noch gut zu gebrauchen ist, wenn es darum geht, ältere Programme wiederzufinden.},
  langid   = {english},
  note       = {FreeWeb / HTML},
  url        = {http://www.acadiau.ca/~gcallon/www/others.htm},
  urldate    = {2019-02-12},
}

@Online{Brahms2013b,
  author     = {{anon. [SourceForge]}},
  gender     = {sf},
  sortname   = {SourceForge},
  title      = {Brahms Documentation: What is Brahms},
  year       = {o.J. [2013]},
  annote     = {Die Dokumentation, die Aufschluss darüber gibt, was 'Brahms' wirklich ist, nämlich, grob gesagt, eine Prozessmaschine, und keine Notationssoftware.},
  langid   = {english},
  note       = {FreeWeb / HTML},
  url        = {http://brahms.sourceforge.net/docs/What%20is%20BRAHMS.html},
  urldate    = {2019-02-12},
}

@Online{Brahms2013a,
  author     = {{anon. [SourceForge]}},
  gender     = {sf},
  sortname   = {SourceForge},
  title      = {Brahms Homepage},
  year       = {o.J. [2013]},
  annote     = {Die scheinbare Homepage eines angeblichen Sequencers names 'Brahms'. Nur hat das, was das als Programm beschrieben und angeboten wird, wenig bis gar nichts mit Musik zu tun, jedenfalls nichts mit Notensatz.},
  langid   = {english},
  note       = {FreeWeb / HTML},
  url        = {http://brahms.sourceforge.net/home/},
  urldate    = {2019-02-12},
}

@Online{Brahms2018a,
  author     = {{anon. [GitHub]}},
  gender     = {sf},
  sortname   = {GitHub},
  title      = {BRAHMS-SystemML/brahms, a modular execution middleware},
  year       = {o.J. [2018]},
  annote     = {Das offizielle Nachfolgerprojekt, per Abzweigen entstanden aus dem SourceForge-Projekt 'Brahms'. Hier bezeichnet sich die Software direkt als 'simulation execution engine'.},
  langid   = {english},
  note       = {FreeWeb / HTML},
  url        = {https://github.com/BRAHMS-SystemML/brahms},
  urldate    = {2019-02-12},
}

@Online{FreeClef2008a,
  author     = {{anon. [SourceForge]}},
  gender     = {sf},
  sortname   = {SourceForge},
  title      = {Free Clef [Homepage]},
  year       = {o.J. [2008]},
  annote     = {Die Free Clef Homage, des leichtgewichtigen und ausgelaufenen Notensatzsystems, das seine Eingaben im Format MusicXML abzuspeichern versprach.},
  langid   = {english},
  url        = {https://sourceforge.net/projects/freeclef/},
  urldate    = {2019-02-12},
}

@Online{MuX2D2000b,
  author     = {{anon. [SourceForge]}},
  gender     = {sf},
  sortname   = {SourceForge},
  title      = {MuX2D [Projectpage]},
  year       = {o.J. [2000]},
  annote     = {Die Projektsite des 'WYSIWYM(ean) Editors für MusiX{\TeX}' einschließlich der Möglichkeit zum Download der Source- und der Binärversion. Gleichwohl können diese auf aktuellen Systemen nicht mehr gestartet bzw. kompiliert werden.},
  langid   = {english},
  url        = {https://sourceforge.net/projects/mux2d/},
  urldate    = {2019-02-14},
}

@Online{MuX2D2000a,
  author     = {{anon. [SourceForge]}},
  gender     = {sf},
  sortname   = {SourceForge},
  title      = {MuX2D [Homepage]},
  year       = {o.J. [2000]},
  annote     = {Die Homepage eines richtig alten 'WYSIWYM(ean) Editors für MusiX{\TeX}'},
  langid   = {english},
  url        = {http://mux2d.sourceforge.net/},
  urldate    = {2019-02-14},
}
@Book{Schlosser2016a,
  author     = {Joachim Schlosser},
  gender     = {sm},
  title      = {Wissenschaftliche Arbeiten schreiben mit \LaTeX. Leitfaden für Einsteiger.},
  location    = {Frechen},
  year       = {2016},
  edition = {6., überarb.},
  publisher  = {mitp Verlag},
  isbn       = {978-3-95845-289-3},
  annote     = {Eine sehr praxisnahe Einführung in die Nutzung von {\LaTeX}\ als Werkzeug zum Schreiben (wissenschaftlicher) Texte. Die durchaus spannende Frage, wie und warum das Wissenschaftliche das Schreiben wissenschaftlicher Texte prägt, bleibt ungestellt.},
  langid   = {german},
  note       = {Print},
}

@Online{Ptolemaic2016b,
  author     = {{anon. [Lander University]}},
  gender     = {sf},
  sortname   = {Lander University},
  title      = {Ptolemaic: A Computer Application for Music and Visualization and Analysis. [Download]},
  year       = {o.J. [2016]},
  annote     = {Die Downloadpage von Ptolemaic, eines Javaprogramms zur Visualisierung und Analyse vom Musik, das einfach gestartet werden kann.},
  langid   = {english},
  note       = {FreeWeb / HTML},
  url        = {http://ptolemaic.lander.edu/download},
  urldate    = {2019-02-16},
}

@Online{Ptolemaic2016a,
  author     = {{anon. [Lander University]}},
  gender     = {sf},
  sortname   = {Lander University},
  title      = {Ptolemaic: A Computer Application for Music and Visualization and Analysis. [Homepage]},
  year       = {o.J. [2016]},
  annote     = {Die Homepage von Ptolemaic, eines Computerprogramms zur Visualisierung und Analyse vom Musik gemäß verschiedener theoretischer Vorgaben, wie etwa der tonalen Funktionsanalyse von Harrison oder älteren Ansätzen. Trotz der innovativen Methoden kann es zum Notensatz nichts beitragen.},
  langid   = {english},
  note       = {FreeWeb / HTML},
  url        = {http://ptolemaic.lander.edu/},
  urldate    = {2019-02-16},
}

@Online{Grandjean2019c,
  author     = {Bruno Grandjean},
  gender     = {sm},
  title      = {Jniz V2 Howto},
  year       = {o.J. [2019]},
  annote     = {Das kurze Jniz-Howto.},
  langid   = {english},
  note       = {FreeWeb / PDF},
  url        = {http://www.jniz.org/doc/howtoV2.pdf},
  urldate    = {2019-02-17},
}

@Online{Grandjean2019a,
  author     = {Bruno Grandjean},
  gender     = {sm},
  title      = {Jniz [Homepage]},
  year       = {o.J. [2019]},
  annote     = {Die Homepage von Jniz, einem Programm zur (automatisierten) Komposition mehrstimmiger Sätze gemäß der Regeln der klassischen Harmonisierung},
  langid   = {english},
  note       = {FreeWeb / HTML},
  url        = {http://www.jniz.org/index.php/en/},
  urldate    = {2019-02-17},
}

@Online{Jniz2019b,
  author     = {{anon. [SourceForge]}},
  gender     = {sf},
  sortname   = {SourceForge},
  title      = {Jniz [Downloadpage]},
  year       = {o.J. [2019]},
  annote     = {Die Downloadpage im Jniz-Repository},
  langid   = {english},
  note       = {FreeWeb / HTML},
  url        = {https://sourceforge.net/projects/jniz/files/},
  urldate    = {2019-02-17},
}

@Online{Jniz2019a,
  author     = {{anon. [SourceForge]}},
  gender     = {sf},
  sortname   = {SourceForge},
  title      = {Jniz [Projectsite]},
  year       = {o.J. [2019]},
  annote     = {Das Interface zum Jniz-Repository},
  langid   = {english},
  note       = {FreeWeb / HTML},
  url        = {https://sourceforge.net/projects/jniz/},
  urldate    = {2019-02-17},
}

@Online{Grandjean2019b,
  author     = {Bruno Grandjean},
  gender     = {sm},
  title      = {Jniz [Lizenzseite]},
  year       = {o.J. [2019]},
  annote     = {Die Lizenzseite von Jniz, die das Programm unter eine sehr eigenwillige Lizenz stellt,sodass es sicher keine Opensource-Software ist.},
  langid   = {english},
  note       = {FreeWeb / HTML},
  url        = {http://www.jniz.org/index.php/en/license},
  urldate    = {2019-02-17},
}

@Online{Frescobaldi2017a,
  author     = {anon.},
  gender     = {sf},
  title      = {Frescobaldi [Homepage]},
  year       = {o.J. [2017]},
  annote     = {Der Einstiegspunkt in die Frescobaldi-Site, der das Tool direkt als 'LilyPond sheet music text editor' bezeichnet.},
  langid   = {english},
  note       = {FreeWeb / HTML},
  url        = {http://www.frescobaldi.org/index.html},
  urldate    = {2019-02-21},
}

@Online{Frescobaldi2015a,
  author     = {anon.},
  gender     = {sf},
  title      = {Frescobaldi Download},
  year       = {o.J. [2015]},
  annote     = {Die Download- und Installationsseite aus der Frescobaldi-Site},
  langid   = {english},
  note       = {FreeWeb / HTML},
  url        = {http://frescobaldi.org/download.html},
  urldate    = {2019-02-21},
}

@Online{Frescobaldi2019a,
  author     = {{anon. [GitHub]}},
  gender     = {sf},
  sortname   = {GitHub},
  title      = {Frescobaldi [GitHub Repository]},
  year       = {o.J. [2019]},
  annote     = {Das GitHub-Repository für die Quelltexte des Frescobaldi-Programms, eines in Python geschiebenen und unter der GPL veröffentlichten LilyPond-Frontends},
  langid   = {english},
  note       = {FreeWeb / HTML},
  url        = {https://github.com/frescobaldi/frescobaldi},
  urldate    = {2019-02-21},
}

@Online{Frescobaldi2012a,
  author     = {anon.},
  gender     = {sf},
  title      = {Frescobaldi Manual},
  year       = {o.J. [2012]},
  annote     = {Die Online-Version des Frescobaldi-Handbuchs - trotz des 'älteren' Datums beschreibt es die wesentlichen Möglichkeiten.},
  langid   = {english},
  note       = {FreeWeb / HTML},
  url        = {http://frescobaldi.org/uguide.html},
  urldate    = {2019-02-21},
}

@Online{LilyPond2018g,
  author     = {{LilyPond Development Team}},
  gender     = {pp},
  title      = {Leichteres Editieren},
  year       = {o.J. [2018]},
  annote     = {Eine Auflistung von LilyPond Frontends, die das Editieren von LilyPond-Dateien erleichtern. Bespochen werden u.A. Frescobaldi, Denemo und Elysium},
  langid   = {german},
  note       = {FreeWeb / HTML},
  url        = {http://lilypond.org/easier-editing.de.html},
  urldate    = {2019-02-21},
}

@Online{UbuntuFrescobaldi2016a,
  author     = {{anon. [Ubuntu]}},
  gender     = {sf},
  title      = {Frescobaldi},
  year       = {o.J. [2016]},
  annote     = {Die Ubuntu-Seite von Frescobaldi, die kurz auch auf die Einbindung des Sounds über den Midi-Server 'timidity' eingeht.},
  langid   = {german},
  note       = {FreeWeb / HTML},
  url        = {https://wiki.ubuntuusers.de/Frescobaldi/},
  urldate    = {2019-02-21},
}

@Online{MuseScore2019e,
  author     = {{anon. [MuseScore Team and Community]}},
  gender     = {pp},
  sortname   = {MuseScore},
  title      = {MuseScore Tutorials},
  year       = {o.J. [2019]},
  annote     = {Eine Seite mit verschiedenen Videoanleitung zur Nutzung von MuseScore},
  langid   = {german},
  note       = {FreeWeb / HTML},
  url        = {https://musescore.org/de/tutorials},
  urldate    = {2019-02-22},
}

@Online{MuseScore2019a,
  author     = {{anon. [MuseScore Team and Community]}},
  gender     = {pp},
  sortname   = {MuseScore},
  title      = {MuseScore [Homepage]},
  year       = {o.J. [2019]},
  annote     = {Die Homepage des Programms 'MuseScore', das sich selbst als das 'beliebteste Notensatzprogramm der Welt' bezeichnet und das 'verspricht', wunderschöne Notenblätter erzeugen, drucken und wiedergeben zu können},
  langid   = {german},
  note       = {FreeWeb / HTML},
  url        = {https://musescore.org/de},
  urldate    = {2019-02-22},
}

@Online{MuseScore2019b,
  author     = {{anon. [MuseScore Team and Community]}},
  gender     = {pp},
  sortname   = {MuseScore},
  title      = {MuseScore [Download]},
  year       = {o.J. [2019]},
  annote     = {Die Downloadseite des Programms 'MuseScore'. Aktuell ist seit 2019 die Version 3.x; gängige LTS Distributionen bringen deshalb gelegentlich noch eine 2.x Version mit.},
  langid   = {german},
  note       = {FreeWeb / HTML},
  url        = {https://musescore.org/de/download},
  urldate    = {2019-02-22},
}

@Online{MuseScore2019c,
  author     = {{anon. [MuseScore Team and Community]}},
  gender     = {pp},
  sortname   = {MuseScore},
  title      = {MuseScore Handbuch 2},
  year       = {o.J. [2019]},
  annote     = {Die Onlineversion des MuseScore-Handbuchs, ausgelegt auf die Version 2},
  langid   = {german},
  note       = {FreeWeb / HTML},
  url        = {https://musescore.org/de/handbuch-2},
  urldate    = {2019-02-22},
}

@Online{MuseScore2019d,
  author     = {{anon. [MuseScore Team and Community]}},
  gender     = {pp},
  sortname   = {MuseScore},
  title      = {MuseScore Handbuch 3},
  year       = {o.J. [2019]},
  annote     = {Die Onlineversion des MuseScore-Handbuchs, ausgelegt auf die Version 3},
  langid   = {german},
  note       = {FreeWeb / HTML},
  url        = {https://musescore.org/de/handbook},
  urldate    = {2019-02-22},
}

@Online{MuseScore2019f,
  author     = {{anon. [MuseScore Team and Community]}},
  gender     = {pp},
  sortname   = {MuseScore},
  title      = {MuseScore How To[s]},
  year       = {o.J. [2019]},
  annote     = {Eine Suchmaske, über die sich die verschiedenesten Anleitungen zu Spezialthemen finden lassen, gefiltert nach der je angegebenen Version.},
  langid   = {german},
  note       = {FreeWeb / HTML},
  url        = {https://musescore.org/de/howto},
  urldate    = {2019-02-22},
}

@Online{MuseScore2019g,
  author     = {{anon. [MuseScore Team and Community]}},
  gender     = {pp},
  sortname   = {MuseScore},
  title      = {MuseScore PDF-Handbuch 3},
  year       = {o.J. [2019]},
  annote     = {Die PDF-Version des MuseScore-Handbuchs, ausgelegt auf die Version 3. Die PDF-Versionen werden vom Open Source Lab der Oregon State University bereitgestellt, deshalb der veränderte Link.},
  langid   = {german},
  note       = {FreeWeb / PDF},
  url        = {https://ftp.osuosl.org/pub/musescore-nightlies/handbook/MuseScore-3.0/MuseScore-de.pdf},
  urldate    = {2019-02-22},
}

@Online{MuseScore2019h,
  author     = {{anon. [MuseScore Team and Community]}},
  gender     = {pp},
  sortname   = {MuseScore},
  title      = {MuseScore PDF-Handbuch 2},
  year       = {o.J. [2019]},
  annote     = {Die PDF-Version des MuseScore-Handbuchs, ausgelegt auf die Version 2. Die PDF-Versionen werden vom Open Source Lab der Oregon State University bereitgestellt, deshalb der veränderte Link.},
  langid   = {german},
  note       = {FreeWeb / PDF},
  url        = {https://ftp.osuosl.org/pub/musescore/handbook/MuseScore-2.0/MuseScore-en.pdf},
  urldate    = {2019-02-22},
}

@Online{Janssen2010a,
  author     = {Thomas Janssen},
  gender     = {sm},
  title      = {MuseScore - Schnelleinstieg},
  year       = {2010},
  annote     = {Ein älterer 'Crash-Kurs' in Sachen 'MuseScore', den abzuarbeiten (und an den richtigen Stellen die aktuellen Zugriffe zu finden) immer noch hilfreich ist.},
  langid   = {german},
  note       = {FreeWeb / PDF},
  url        = {http://jansofranso.de/texte/MUSESCORE%20%20Schnelleinstieg.pdf},
  urldate    = {2019-02-22},
}

@Online{Dorok2014b,
  author     = {Sebastian Dorok},
  gender     = {sm},
  title      = {Notenprogramme 2014},
  year       = {2014},
  annote     = {Der Wertungsseite zur allgemeineren Sichtung, auf der MuseScore zum 'Gewinner' erklärt wird.},
  langid   = {german},
  note       = {FreeWeb / PDF},
  url        = {https://www.dorok.info/notationsprogramme-2014/},
  urldate    = {2019-02-22},
}

@Online{Dorok2014a,
  author     = {Sebastian Dorok},
  gender     = {sm},
  title      = {Notenprogramme im Überblick},
  year       = {2014},
  annote     = {Sehr kursorische Sichtung von Open Source und Freeware Notensatzprogrammen, die nicht zwischen Backend und Frotend unterscheidet und so -- grosso modi -- den freien Programmen, ausgenommen von MuseScore, eine gringe Qualität zuspricht.},
  langid   = {german},
  note       = {FreeWeb / PDF},
  url        = {https://www.herrdorok.de/notenprogramme-im-uberblick/},
  urldate    = {2019-02-22},
}

@Article{Albrecht2009a,
  author     = {Mirko Albrecht},
  gender     = {sm},
  title      = {Digitaler Notenschlüssel. Notensatzsoftware im Test},
  journal    = {Linux User},
  year       = {2009},
  pages      = {46-51},
  volume     = {10},
  annote     = {Ältere Sichtung von Notensatzprogrammen, die die üblichen Kandidaten LilyPond, Frescobaldi, NoteEdit und MuseScore bespricht. Das damalige Fazit dürfte auch damals schon ungerecht gewesen sein, sagt es doch -- ohne Frontend und Backendsysteme sorgsam auseinander zu halten --, die Open Source Welt habe Schwiergkeiten, ein Nischenprodukt wie ein Notensatzprogramm zu entwickeln.},
  langid   = {german},
  note       = {FreeWeb / PDF},
  url        = {https://musescore.org/sites/musescore.org/files/MuseScore_LinuxUser_de_2009_10.pdf},
  urldate    = {2019-02-22},
}

@Online{UbuntuMuseScore2018a,
  author     = {{anon. [Ubuntu]}},
  gender     = {sf},
  sortname   = {Ubuntu},
  title      = {MuseScore},
  year       = {o.J. [2018]},
  annote     = {Die Beschreibung des MuseScore-Paketes für Ubuntu 2018-04},
  langid   = {german},
  note       = {FreeWeb / HTML},
  url        = {https://wiki.ubuntuusers.de/MuseScore/},
  urldate    = {2019-02-22},
}

@Online{GitHubMuseScore2019a,
  author     = {{anon. [GitHub]}},
  gender     = {sf},
  sortname   = {GitHub},
  title      = {MuseScore},
  year       = {o.J. [2019]},
  annote     = {Die Quelldateien für MuseScore.},
  langid   = {english},
  note       = {FreeWeb / HTML},
  url        = {https://github.com/musescore/MuseScore},
  urldate    = {2019-02-22},
}

@Online{Prakash2018a,
  author     = {Abihishek Prakash},
  gender     = {sm},
  title      = {How To Use AppImage in Linux. Complete Guide},
  year       = {2018},
  annote     = {Eine Erläuterung des Downloadformates 'AppImage', wie es von MuseScore benutzt und angeboten wird.},
  langid   = {english},
  note       = {FreeWeb / HTML},
  url        = {https://itsfoss.com/use-appimage-linux/},
  urldate    = {2019-02-22},
}

@Online{Denemo2019a,
  author     = {{anon. [Denemo Team]}},
  gender     = {pp},
  sortname   = {Denemo},
  title      = {[Denemo und] MuseScore [Kompatibilität bei Im- und Export per MusicXml- bzw. MIDI-Datei]},
  year       = {o.J. [2019]},
  annote     = {Ein Beweis der Kompatibilität von MuseScore und Denemo in Sachen Im- und Export via MusicXml resp. MIDI.},
  langid   = {english},
  note       = {FreeWeb / HTML},
  url        = {http://denemo.org/musescore/},
  urldate    = {2019-02-22},
}

@Online{MuseScore2019i,
  author     = {{anon. [MuseScore Team and Community]}},
  gender     = {pp},
  sortname   = {MuseScore},
  title      = {MuseScore Akkordsymbole},
  year       = {o.J. [2019]},
  annote     = {Eine Beschreibung möglicher Akkordsymbole und deren Integration in einen MuseScore-Notentext},
  langid   = {german},
  note       = {FreeWeb / HTML},
  url        = {https://musescore.org/de/handbook/akkordbezeichnungen},
  urldate    = {2019-02-22},
}

@Online{Emms2018a,
  author     = {Steve Emms},
  gender     = {sm},
  title      = {11 Excellent Free Scorewriters – Compose, arrange, print, and publish music},
  year       = {2018},
  annote     = {Eine jüngere Auflistung freier Notensatzprogramme, nämlich u.a. LilyPond, Rosegarden, MuseScore, Denemo, Frescobaldi und Canorus. Die Besprechungen der einzelnen Systeme sind verlinkt, beschränken sich aber ihrerseits im Wesentlichen auf eine Auflistung der jeweiligen Eigenschaften.},
  langid   = {english},
  note       = {FreeWeb / HTML},
  url        = {https://www.linuxlinks.com/excellent-scorewriters-compose-great-music/},
}

@Online{GitHubDenemo2019a,
  author     = {{anon. [GitHub]}},
  gender     = {sf},
  sortname   = {GitHub},
  title      = {GNU Denemo. Free and Open Music Notation Editor. [Repository]},
  year       = {o.J. [2019]},
  annote     = {Das Denemo Repository mit dem Sourcecode des Programms},
  langid   = {english},
  note       = {FreeWeb / HTML},
  url        = {https://github.com/denemo/denemo},
  urldate    = {2019-02-23},
}

@Online{UbuntuDenemo2014a,
  author     = {{anon. [Ubuntu]}},
  gender     = {sf},
  sortname   = {Ubuntu},
  title      = {Denemo. [Das Ubuntu Package]},
  year       = {o.J. [2014]},
  annote     = {Eine ältere Ubuntuseite für das Denemopaket, die aber immer noch hilfreiche Tipps zur Nutzung bietet.},
  langid   = {german},
  note       = {FreeWeb / HTML},
  url        = {https://wiki.ubuntuusers.de/Denemo/},
  urldate    = {2019-02-23},
}

@Online{WpedDenemo2018a,
  author     = {{anon. [Wikipedia]}},
  gender     = {pp},
  sortname   = {Wikipedia},
  title      = {Denemo},
  year       = {o.J. [2018]},
  annote     = {Deutsche Denemo-Seite in Wikipedia, die deutlich auf die verschiedenen Dateitypen verweist.},
  langid   = {german},
  note       = {https://de.wikipedia.org/wiki/Denemo},
  url        = {https://de.wikipedia.org/wiki/Denemo},
}

@Online{Denemo2019b,
  author     = {{anon. [Denemo Team]}},
  gender     = {pp},
  sortname   = {Denemo},
  title      = {Denemo [Homepage]},
  year       = {o.J. [2019]},
  annote     = {Die Denemo-Homepage, die sagt, Denemo habe eine einzigartige Methode 'to enter music in a musical, rather than mechanical, manner'.},
  langid   = {english},
  note       = {FreeWeb / HTML},
  url        = {http://www.denemo.org/},
  urldate    = {2019-02-22},
}

@Online{Denemo2019d,
  author     = {{anon. [Denemo Team]}},
  gender     = {pp},
  sortname   = {Denemo},
  title      = {Denemo [Download]},
  year       = {o.J. [2019]},
  annote     = {Die Denemo-Download-Seite, die auch Pakete für Windows anbietet, die keine Installation benötigen.},
  langid   = {english},
  note       = {FreeWeb / HTML},
  url        = {http://www.denemo.org/downloads-page/},
  urldate    = {2019-02-22},
}

@Online{Denemo2019c,
  author     = {{anon. [Denemo Team]}},
  gender     = {pp},
  sortname   = {Denemo},
  title      = {Denemo FAQ},
  year       = {o.J. [2019]},
  annote     = {Die Denemo-FAQ Seite, die u.a. auch eine Erklärung für den Namen 'Denemo' bietet: er sei eine 'Verballhornung' des franzöischen Wortes 'dénouement'},
  langid   = {english},
  note       = {FreeWeb / HTML},
  url        = {http://www.denemo.org/faq/},
  urldate    = {2019-02-22},
}

@Online{Shann2015b,
  author     = {Richard Shann},
  gender     = {sm},
  title      = {Denemo User Manual},
  year       = {2015},
  annote     = {Das Denemo-Handbuch: schwierig zu lesen, schwer zu verstehen.},
  langid   = {english},
  note       = {FreeWeb / PDF},
  url        = {http://git.savannah.gnu.org/gitweb/?p=denemo.git;f=docs/denemomanual.pdf;hb=HEAD},
  urldate    = {2019-02-22},
}

@Online{Shann2015a,
  author     = {Richard Shann},
  gender     = {sm},
  title      = {Denemo User Manual (online)},
  year       = {2015},
  annote     = {Das Denemo-Handbuch als Online-Version: ebenfalls schwierig zu lesen, aber leichter zu durchsuchen.},
  langid   = {english},
  note       = {FreeWeb / HTML},
  url        = {http://www.denemo.org/~rshann/denemo-manual.html},
  urldate    = {2019-02-22},
}

@Online{McIntyre2008a,
  author     = {D. Michael McIntyre},
  gender     = {sm},
  title      = {Learning Rosegarden. Piano Notation by Example},
  year       = {2008},
  annote     = {Ein Rosegarden-Tutorial, das anhand eines öffentlichen MIDI-Files schrittweise alle Aspekte vom Import bis zur Notenproduktion hin erläutert: ein guter, wenn auch älterer Einstieg},
  langid   = {english},
  note       = {FreeWeb / HTML},
  url        = {https://www.rosegardenmusic.com/tutorials/supplemental/piano/index.html},
  urldate    = {2019-02-24},
}

@Online{Rosegarden2019a,
  author     = {{anon. [Rosegarden Development Team]}},
  gender     = {pp},
  sortname   = {Rosegarden},
  title      = {Rosegarden [Homepage]},
  year       = {o.J. [2019]},
  annote     = {Der Einstiegspunkt in die Rosegarden-Site, auf der das Programm nicht zu Unrecht als 'music composition and editing environment based around a MIDI sequencer' bezeichnet wird, 'that features a rich understanding of music notation and includes basic support for digital audio.},
  langid   = {english},
  note       = {FreeWeb / HTML},
  url        = {https://www.rosegardenmusic.com/},
  urldate    = {2019-02-24},
}

@Online{Rosegarden2019d,
  author     = {Chris Cannam and D. Michael McIntyre and Pedro Lopez-Cabanillas and Heikki Johannes Junes and Shelagh Manton},
  gender     = {pm},
  title      = {The Rosegarden Manual. Notationeditor},
  year       = {o.J. [2019]},
  annote     = {Die ausgelagerte Dokumentation zum Notation-Editor, über den leere und per MIDI importierte Stimmen visuell per Notentext (um)komponiert werden können.},
  langid   = {english},
  note       = {FreeWeb / HTML},
  url        = {https://www.rosegardenmusic.com/wiki/doc:notation-en},
  urldate    = {2019-02-24},
}

@Online{Rosegarden2019c,
  author     = {Chris Cannam and D. Michael McIntyre and Pedro Lopez-Cabanillas and Heikki Johannes Junes and Shelagh Manton},
  gender     = {pm},
  title      = {The Rosegarden Manual},
  year       = {o.J. [2019]},
  annote     = {Die Rosegardendokumentation, bereitgestellt als Wiki und ausgelegt als durchgehendes Dokument, bei dem nur einige Teile ausgelagert und verlinkt sind.},
  langid   = {english},
  note       = {FreeWeb / HTML},
  url        = {https://www.rosegardenmusic.com/wiki/doc:manual-en},
  urldate    = {2019-02-24},
}

@Online{Rosegarden2019b,
  author     = {{anon. [Rosegarden Development Team]}},
  gender     = {pp},
  sortname   = {Rosegarden},
  title      = {Learning Rosegarden. Rosegarden Tutorials},
  year       = {o.J. [2019]},
  annote     = {Eine Liste von Tutorials zu ganz verschiedenen Rosegardenaspekten, die die Nutzung von Rosegarden von einer spezifischen Aufgabe her erklären.},
  langid   = {english},
  note       = {FreeWeb / HTML},
  url        = {https://www.rosegardenmusic.com/},
  urldate    = {2019-02-24},
}

@Online{Rosegarden2019e,
  author     = {{anon. [SourceForge]}},
  gender     = {sf},
  sortname   = {SourceForge},
  title      = {Rosegarden [Repository]},
  year       = {o.J. [2019]},
  annote     = {Das Rosegarden-SourceForge-Repository},
  langid   = {english},
  note       = {FreeWeb / HTML},
  url        = {https://sourceforge.net/projects/rosegarden/},
  urldate    = {2019-02-24},
}

@Online{WpedRosegarden2019a,
  author     = {{anon. [Wikipedia]}},
  gender     = {pp},
  sortname   = {Wikipedia},
  title      = {Rosegarden},
  year       = {o.J. [2019]},
  annote     = {Die deutsche Wikipediaseite von Rosegarden, die auch einige Details über die sehr lange Entwicklungsgeschichte von Rosegarden enthält},
  langid   = {german},
  note       = {FreeWeb / HTML},
  url        = {https://de.wikipedia.org/wiki/Rosegarden},
  urldate    = {2019-02-24},
}

@Online{Kenlon2018a,
  author     = {Seth Kenlon},
  gender     = {sm},
  title      = {Make sweet music with digital audio workstation Rosegarden},
  year       = {2018},
  annote     = {Ein jüngerer Crash-Kurs in Sachen 'Rosegarden'},
  langid   = {english},
  note       = {FreeWeb / HTML},
  url        = {https://opensource.com/article/18/3/make-sweet-music-digital-audio-workstation-rosegarden},
  urldate    = {2019-02-24},
}

@Online{Rosegarden2008a,
  author     = {{anon. [Rosegarden Development Team]}},
  gender     = {pp},
  sortname   = {Rosegarden},
  title      = {[Rosegarden Tutorial] Notation},
  year       = {o.J. [2008]},
  annote     = {Das 8. Kapitel aus der älteren Anleitung, die eingangs von sich selbst sagt, sie sei teilweise Handbuch, teilweise Tutorial. Das 8. Kapitel ist auch heute noch hilfreich, wenn es um Spezialherausforderungen geht, wie etwa dem gleichzeitigen Öffnen mehrerer Tracks als eine Partitur.},
  langid   = {english},
  note       = {FreeWeb / HTML},
  url        = {http://rosegarden.sourceforge.net/tutorial/en/chapter-8.html},
  urldate    = {2019-02-24},
}

@Online{WpedSequencer2018a,
  author     = {{anon. [Wikipedia]}},
  gender     = {pp},
  sortname   = {Wikipedia},
  title      = {Sequencer},
  year       = {o.J. [2018]},
  annote     = {Eine kurze und klare Erläuterung, was Sequencer ausmacht und in welchem Zusammenhang sie zu Notensatzprogrammen stehen.},
  langid   = {german},
  note       = {FreeWeb / HTML},
  url        = {https://de.wikipedia.org/wiki/Sequenzer_(Musik)},
  urldate    = {2019-02-24},
}

@Online{Moine2018a,
  author     = {Jean-Francois Moine},
  gender     = {sm},
  title      = {Jef's page. ABC music notation software},
  year       = {o.J. [2018]},
  annote     = {Die Homepage des Extrahierungs- und Konvertierungstools 'abcm2ps': Es wird Kommandozeilenprogramm bezeichnet, das ABC-Notate in das Postcript- oder SVG-Format umwandele.},
  langid   = {english},
  note       = {FreeWeb / HTML},
  url        = {http://moinejf.free.fr/},
  urldate    = {2019-02-27},
}

@Online{GitHubAbcm2ps2019a,
  author     = {{anon. [GitHub]}},
  gender     = {sf},
  sortname   = {GitHub},
  title      = {abcm2ps [Repository]},
  year       = {o.J. [2019]},
  annote     = {Das abcm2ps repository, das die Quellen des GPL lizensierten Programms öffentlich zugänglich macht.},
  langid   = {english},
  note       = {FreeWeb / HTML},
  url        = {https://github.com/leesavide/abcm2ps/},
  urldate    = {2019-02-27},
}

@Book{Voss2012a,
  author     = {Herbert Voß},
  gender     = {sm},
  title      = {Einführung in \LaTeX\ unter Berücksichtung von pdf\LaTeX, Xe\LaTeX\ und Lua\LaTeX},
  location    = {Berlin},
  year       = {2012},
  publisher  = {Lehmanns Media},
  isbn       = {978-3-86541-462-5},
  series     = {dante},
  annote     = {Eine gründliche Einführung von einem echten Kenner der Materie.},
  langid   = {german},
  note       = {Print},
}

@Online{abc2mtex2019a,
  author     = {{anon. [CTAN]}},
  gender     = {sf},
  sortname   = {CTAN},
  title      = {abc2mtex – Notate tunes stored in ABC notation},
  year       = {o.J. [2019]},
  annote     = {Paketpage für das Tool, dass ABC-Dateien nach MusixTex konvertiert},
  langid   = {english},
  note       = {FreeWeb / HTML},
  url        = {https://ctan.org/pkg/abc2mtex?lang=de},
  urldate    = {2019-10-01},
}

@Online{ly2abc2019a,
  author     = {anon.},
  gender     = {sf},
  title      = {ly2abc [Projektseite]},
  year       = {o.J. [2019]},
  annote     = {Die GitHub-Site des ly2abc-Projektes},
  langid   = {english},
  note       = {Freeweb / HTML},
  url        = {https://github.com/aelkiss/ly2abc},
  urldate    = {2019-10-03},
}

@Online{xml2ly2019a,
  author     = {anon.},
  gender     = {sf},
  title      = {xml2ly [Homepage]},
  year       = {o.J. [2019]},
  annote     = {Die Homepage des xml2ly-Konverters},
  langid   = {english},
  note       = {Freeweb / HTML},
  url        = {http://www.nongnu.org/xml2ly/},
  urldate    = {2019-10-03},
}

@Online{xml2pmx2019a,
  author     = {anon.},
  gender     = {sf},
  title      = {xml2pmx Download Area},
  year       = {o.J. [2019]},
  annote     = {Der Bereich im Icking-Software-Bereich, über den xml2pmx als Tool heruntergeladen werden kann.},
  langid   = {english},
  note       = {FreeWeb / HTML},
  url        = {https://www.icking-music-archive.org/software/xml2pmx/},
  urldate    = {2019-10-03},
}

@Online{ReinckeBlum2019a,
  author     = {Karsten Reincke AND Hans Blum},
  gender     = {pm},
  title      = {harmonyli.ly},
  year       = {2019},
  note       = {FreeWeb / HTML},
  annote     = {Die freie LilyPond BIbliothek 'harmonyli.ly' für Musikwissenschaftler samt Beispielen und umfangreichem Tutorial},
  langid   = {english},
  url        = {https://github.com/kreincke/harmonyli.ly},
  urldate    = {2019-11-22},
}

@Online{Reincke2019b,
  author     = {Karsten Reincke},
  gender     = {sm},
  title      = {harmonyli.ly . Harmonical Analysis Symbols in LilyPond Scores. Tutorial},
  year       = {2019},
  note       = {FreeWeb / PDF},
  annote     = {Umfangreiche Einführung in die Nutzung der LilyPond BIbliothek 'harmonyli.ly' für Musikwissenschaftler},
  langid   = {english},
  url        = {https://github.com/kreincke/harmonyli.ly/doc/tutorial.pdf},
  urldate    = {2019-11-22},
}

@Online{Reincke2019c,
  author     = {Karsten Reincke},
  gender     = {sm},
  title      = {Musikwissenschaft mit LaTeX. Wie man Musikbeispiele mit Open-Source-Tools in seine wissenschaftliche Texte integriert. Eine selbstreferentielle Anleitung},
  year       = {2019},
  note       = {FreeWeb / TXT},
  annote     = {Alle Quelldateien zur mysrf-basierten Erzeugung der Tooluntersuchung Musikwissenschaft mit LaTeX.},
  langid   = {english},
  titleaddon = {Eine Sichtung von Tools und Techniken um musikwissenschaftliche Texte mit LaTeX zu erzeugen. Ein Blick in die Quellen zeigt, wie man das macht, was dieses Buch vorführt und erklärt.},
  url        = {http://kreincke.github.io/mycsrf/examples/latex-musicology.pdf},
  urldate    = {2019-01-02},
}

@Comment{jabref-meta: databaseType:bibtex;}
