% Encoding: UTF-8

% This file is part of proMusicologica.ltx
% (c) 2022 Karsten Reincke (https://github.com/kreincke/proMusicologica.ltx)
% It is distributed under the terms of the creative commons license
% CC-BY-4.0 (= https://creativecommons.org/licenses/by/4.0/)

@Book{GarSpr2018a,
  author     = {Matthew Gardner and Sara Springfeld},
  gender = {pp},
  title      = {Musikwissenschaftliches Arbeiten},
  subtitle  = {Eine Einführung},
  titleaddon = {Mit einem Geleitwort v. Nicole Schwindt-Gross},
  location    = {Kassel, Basel [... u.a.O.]},
  year       = {2018},
  edition    = {2.},
  publisher  = {Bärenreiter},
  isbn       = {978-3-7618-2249-4},
  series     = {Bärenreiter Studien\-bücher Musik},
  number     = {19},
  annote     = {Eine aktuelle Einführung in die Musikwissenschaft},
  langid   = {german},
  note       = {Print},
}

@Collection{BruRoe1998a,
  title   = {Musikwissenschaft},
  subtitle = {Ein Grundkurs},
  editor    = {Herbert Bruhn AND Helmut Rösing},
  gender    = {pm},
  location  = {Reinbek bei Hamburg},
  date      = {1998},
  series = {rowohlts enzyklopädie},
  number = {55582},
  publisher = {Rowohl Taschenbuch Verlag},
  isbn = {3-499-55582-4},
}
@Incollection{KreRoe1998a,
  author = {Annette Kreutziger-Herr AND Helmut Rösing},
  gender = {pp},
  title = { Entstehung des wissenschaftlichen Umgangs mit Musik},
  pages = {37-49},
  crossref = {BruRoe1998a},
}

@Book{Grabner1974a,
  author     = {Hermann Grabner},
  title      = {Allgemeine Musiklehre},
  date       = {1974},
  titleaddon = {mit einem Nachtrag v. Diether de la Motte},
  edition    = {11},
  publisher  = {Bärenreiter Verlag},
  isbn       = {3-7618-0061-4},
  langid   = {german},
  note       = {Print},
  location    = {Kassel, Basel [... u.a.O.]},
  annote     = {Das Standardwerk der Musikanalyse, das nicht erst heute mit hoher Auflagennummer erscheint, sondern auch schon vor 50 Jahren so erschienen ist - also im wahrsten Sinne des Wortes: ein Jahrhundertwerk.},
  owner      = {reincke},
  timestamp  = {2018.12.07},
}

@Book{Delamotte2011a,
  author     = {Diether de la Motte},
  title      = {Harmonielehre},
  year       = {2011},
  edition    = {16},
  publisher  = {Bärenreiter Verlag \& DTV},
  isbn       = {978-3-7618-2115-2},
  langid   = {german},
  note       = {Print},
  location    = {München, Kassel [... u.a.O.]},
  annote     = {Nach Grabner das nächste, kommende Jahrhundertwerk zur Harmonieanalyse, das mit seiner Verlagerung des Schwerpunktes in die Funktionstheorie einen wesentlichen Fortschritt gegenüber älteren Lehrwerken bedeutete.},
  owner      = {reincke},
  timestamp  = {2018.12.07},
}


@Online{UbFaM2018a,
  author     = {Goethe-Universität},
  gender     = {sp},
  title      = {[Portal der] Universitätsbibliothek Frankfurt a.M.},
  date       = {2020},
  langid     = {german},
  owner      = {reincke},
  shorttitle = {Homepage UB FaM},
  urldate = {2011.06.21},
  url        = {http://www.ub.uni-frankfurt.de/},
}

@Misc{UbDa2018a,
  author     = {Technische-Universität-Darmstadt},
  gender     = {sp},
  title      = {[Portal der] Universitäts \& Landesbibliothek Darmstadt},
  date       = {2020},
  owner      = {reincke},
  langid     = {german},
  shorttitle = {Homepage ULB Darmstadt},
  timestamp  = {2011.06.21},
  url        = {http://www.ulb.tu-darmstadt.de/},
}

@Comment{jabref-meta: databaseType:biblatex;}
