% This file is part of proMusicologica.ltx
% (c) 2022 Karsten Reincke (https://github.com/kreincke/proMusicologica.ltx)
% It is distributed under the terms of the creative commons license
% CC-BY-4.0 (= https://creativecommons.org/licenses/by/4.0/)

@Incollection{ICOLLa,
  author     = {ICA1-ManName, ICA1-ManPrename},
  gender     = {sm},
  title      = {ICA1-Title: MAN},
  pages      = {1-11},
  crossref   = {COLLa},
  subtitle   = {ICA1-Subtitle},
  titleaddon = {ICA1-Titleaddon},
  translator = {ICA1-Translator},
  addendum   = {ICA1-Addendum},
  annotation = {ICA1-Annotation},
  langid   = {ngerman},
  note       = {Print},
}

@Inproceedings{IPROCa,
  author       = {IPA1-ManName, IPA1-ManPrename},
  gender       = {sm},
  title        = {IPA1-Title: MAN},
  pages        = {1-11},
  crossref     = {PROCa},
  subtitle   = {IPA1-Subtitle},
  titleaddon = {IPA1-Titleaddon},
  translator = {IPA1-Translator},
  addendum     = {IPA1-Addendum},
  annotation   = {IPA1-Annotation},
  langid     = {ngerman},
  note         = {Print},
}

@Collection{COLLa,
  editor       = {Michele Calella and Nicoulaus Urbanek},
  gender       = {pp},
  title        = {Historische Musikwissenschaft},
  location     = {Stuttgart, Weimar},
  date         = {2013},
  subtitle   = {Grundlagen und Perspektiven},
  isbn         = {978-3-476-02462-6},
  publisher  = {J.B. Metzler},
  annotation = {Sammlung zu Grundlagen der Musikwissenschaft, ihren Teildisziplinen, und Perspektiven},
  langid     = {ngerman},
  note         = {Print},
}

@Proceedings{PROCa,
  editor       = {PROC1-ManName, PROC1-ManPrename},
  gender       = {sm},
  title        = {PROC1-Title: MAN},
  location     = {PROC1-location},
  date         = {2020},
  subtitle     = {PROC1-Subtitle},
  titleaddon   = {PROC1-Titleaddon},
  translator   = {PROC1-Translator},
  edition      = {1.},
  isbn         = {1-2345-678},
  publisher    = {PROC1-Publisher},
  organization = {PROC1-Organization},
  series       = {PROC1-Series},
  volume       = {PROC1-Volume},
  addendum     = {PROC1-Addendum},
  annotation   = {PROC1-Annotation},
  langid     = {ngerman},
  note         = {Print},
}

@Book{BR2020a,
  author     = {Break-ManName, Break-ManPrename},
  gender     = {sm},
  title      = {Break-Title},
  location   = {Break-location},
  date       = {2020},
  shorttitle = {Break-Shorttitle},
  subtitle   = {Break-Subtitle},
  titleaddon = {Break-Titleaddon},
  translator = {Break-Translator},
  edition    = {1.},
  editor     = {Break-Editor},
  isbn       = {1-2345-678},
  publisher  = {Break-Publisher},
  series     = {Break-Series},
  volume     = {Break-Volume},
  addendum   = {Break-Addendum},
  annotation = {Break-Annotation},
  langid   = {ngerman},
  note       = {Print},
}

@Comment{jabref-meta: databaseType:biblatex;}
